3067 5017
619 385 754 478 164
1341 389 2021 474 PSEUDOLUS,

602 509 822 582 Eheu!
853 537 1055 607 quam
1092 510 1221 580 illae
1255 511 1351 579 rei
1388 536 1518 605 ego
1553 512 1755 580 etiam
1785 536 1974 580 nunc
2011 535 2157 579 sum
2199 509 2546 606 parvolus!

604 625 867 718 Atque,
898 619 1167 716 edepol,
1208 637 1283 690 ut
1322 646 1503 690 nunc
1539 619 1714 690 male
1749 642 1903 689 eum
1946 635 2178 689 metuo
2211 619 2448 692 miser!

600 735 673 803 Si
710 733 1043 827 quispiam
1086 732 1233 818 det,
1275 730 1393 824 qui
1436 755 1674 799 manus
1712 729 1982 825 gravior
2026 729 2186 815 siet,

600 844 1033 936 Quamquam
1069 839 1241 909 illud
1284 842 1473 909 aiunt
1517 865 1766 934 magno
1813 841 2070 934 gemitu
2107 839 2292 918 fieri,
2705 873 2760 899 ιο

604 954 1043 1046 Conprimere
1080 951 1337 1020 denteis
1384 949 1615 1019 videor
1653 974 1848 1044 posse
1887 948 2118 1043 aliquo
2161 947 2403 1017 modo:

600 1060 736 1131 Sed
774 1058 1255 1154 conprimenda
1275 1059 1357 1128 ’st
1398 1059 1565 1128 mihi
1607 1085 1737 1127 vox
1779 1074 1980 1153 atque
2014 1060 2280 1144 ⁸oratic,

596 1175 854 1255 Hei-ua,
892 1195 1159 1258 eccum,
1202 1170 1438 1264 recipit
1474 1194 1546 1238 se
1583 1167 1859 1239 domum
1886 1221 1905 1254 ‚
1945 1183 2013 1236 et
2045 1167 2235 1238 ducit
2271 1193 2588 1263 coquom.

1072 1434 1504 1524 SCENA
1591 1356 2264 1520 SECUNDA.

1145 1656 1478 1723 BALLIO
1494 1706 1515 1738 ‚
1568 1653 1872 1722 COCUS
1887 1705 1908 1738 ‚
1959 1654 2218 1721 PUER.

600 1870 801 1916 ΒΑΜ..
842 1847 1093 1914 Forum
1130 1832 1497 1937 coquinuin
1540 1843 1658 1937 qui
1697 1857 1968 1928 vocant,
2014 1841 2215 1912 stulte
2252 1857 2533 1925 vocant,

596 1959 771 2026 Nam
808 1980 946 2023 non
982 1952 1471 2048 coquinum’st,
1509 1977 1743 2022 verum
1784 1952 2179 2022 furinum’st
2215 1951 2478 2020 sorum:

594 2068 771 2136 Nam
814 2065 868 2132 si
908 2089 1034 2158 ego
1065 2063 1329 2156 juratus
1363 2064 1656 2156 pejorem
1701 2062 2042 2133 hominem
2084 2087 2490 2156 quaererem,

600 2181 908 2270 Coquom
956 2200 1093 2242 non
1138 2176 1367 2268 potui,
1402 2199 1606 2268 quam
1645 2174 1830 2272 hunc
1866 2199 2066 2267 quem
2105 2172 2318 2261 duce,
2355 2173 2637 2262 ducere,

597 2284 1115 2380 Multiloquom‚
1164 2284 1574 2378 gloriosum,
1605 2282 1978 2381 insulsum,
2017 2281 2367 2353 inutilem:
2677 2371 2685 2379 ι
2731 2303 2760 2340 ⁵

594 2398 783 2489 Quin
823 2398 910 2465 ob
949 2421 1095 2464 eam
1132 2418 1271 2464 rem
1312 2399 1532 2465 Orcus
1575 2395 1870 2488 recipere
1907 2395 2089 2490 bunc
2123 2394 2210 2462 ad
2243 2419 2311 2462 se
2351 2393 2608 2481 noluit,

599 2615 661 2667 sit
700 2611 1112 2686 accipiendum,
1158 2626 1218 2666 ut
1254 2617 1412 2682 vulgo
1460 2631 1624 2682 expo·

601 2707 741 2748 nunt
782 2694 1112 2764 interpretes.
1149 2690 1313 2757 Quod
1358 2691 1490 2744 locis
1532 2691 1628 2743 ali-

598 2787 734 2845 quot
765 2787 1007 2826 veterum
1048 2791 1258 2842 possem
1289 2771 1626 2826 confirmare.
1669 2787 1677 2793 “

598 2853 775 2906 Etiam
818 2851 1089 2924 hodieque
1128 2849 1277 2921 apud
1312 2871 1410 2904 nos
1439 2852 1629 2917 sallom·

599 2934 715 2984 dan·
738 2931 997 2986 dicuntur
1038 2921 1289 2984 mulieres
1328 2950 1449 3002 quoe
1482 2931 1627 2983 subi-

598 3026 803 3083 guntur
824 3025 878 3066 et
894 3012 1290 3082 permoluntur.
1310 3011 1482 3063 Latini
1507 3029 1629 3081 pre-

601 3093 679 3145 mi
706 3105 759 3146 et
790 3092 1075 3163 comprimi
1118 3089 1383 3144 mulier‘es.
1405 3089 1628 3151 dicunt,

604 3191 725 3243 quo
754 3172 918 3225 verba
951 3171 1173 3242 propria
1202 3183 1322 3223 sunt
1356 3170 1630 3224 fullonica!

600 3252 747 3306 artis.
770 3252 949 3304 Sans.

690 3351 779 3400 19.
820 3328 934 3400 Qut*
950 3349 1117 3382 manus
1136 3334 1340 3400 gravior
1358 3332 1465 3382 siet.
1495 3329 1539 3382 F
1541 3350 1634 3383 ru-

602 3425 709 3464 stra
756 3410 1071 3482 turpificant
1116 3423 1171 3463 et
1210 3410 1636 3464 correctionibus

600 3503 656 3544 et
695 3490 1235 3562 interpretationibus
1282 3491 1398 3543 hac
1450 3491 1628 3544 verba.

597 3568 911 3641 Legendum
933 3588 946 3622 t
976 3575 1267 3642 quz‘masms.
1296 3571 1365 3622 Et
1384 3569 1461 3622 sic
1482 3581 1629 3622 uter·-

600 3667 707 3720 que
738 3650 982 3721 scriptus.
1024 3649 1139 3704 Nec
1185 3649 1351 3702 aliud.
1376 3649 1628 3720 intelligit

597 3747 761 3800 quam
786 3747 1055 3792 nummos.
1080 3727 1187 3784 Sed
1218 3742 1271 3782 et
1301 3728 1628 3800 distinguen-

598 3806 732 3861 dum
760 3827 775 3861 :
806 3834 829 3856 ι
858 3820 918 3862 ut
942 3827 1091 3863 nunc
1123 3809 1262 3863 male
1288 3827 1413 3862 eum
1440 3820 1632 3862 metuo

596 3888 781 3953 miser,
814 3889 870 3942 Si
901 3889 1164 3960 quispiam
1196 3887 1291 3942 det
1316 3915 1365 3940 ι.
1416 3889 1486 3941 Ut
1520 3908 1623 3959 pro

592 3979 913 4040 utcumque,
946 3969 1203 4040 quamvis.
1228 3969 1451 4022 Trucul.
1474 3969 1522 4033 1,
1557 3989 1584 4022 π
1601 3991 1615 4020 z

602 4073 625 4093 ε
648 4048 783 4100 Nam
814 4049 908 4120 qui
938 4067 1127 4100 manus
1152 4049 1395 4102 attulerit
1420 4049 1624 4102 steriles

598 4125 665 4179 sd
704 4148 801 4181 nos
820 4168 836 4192 ,
864 4126 1106 4198 gravidas
1132 4129 1277 4182 foras
1301 4141 1544 4198 exportet
1571 4155 1618 4180 ι.

1726 2613 2000 2691 Catullus,
2048 2614 2226 2666 Carni.
2262 2613 2368 2666 XX
2404 2630 2418 2664 :
2470 2639 2491 2658 ι
2514 2611 2761 2684 Meisque

1725 2693 1942 2767 pinguis
1959 2700 2136 2762 'agnus
2163 2709 2228 2744 ex
2262 2691 2755 2750 oviiibus.Gravem

1725 2771 1950 2825 domum
1999 2773 2222 2825 remittit
2267 2789 2374 2824 aere
2423 2770 2668 2825 doxtrum
2704 2798 2756 2824 n.

1719 2851 1992 2922 ¹Virgiiius
2042 2871 2056 2904 ε
2107 2877 2130 2900 ι
2155 2851 2280 2904 Non
2311 2869 2544 2922 unquam
2577 2852 2755 2923 gravis

1726 2949 1827 2984 aere
1846 2929 2067 2984 domum
2100 2931 2231 2986 mihi
2255 2929 2441 2984 dextra
2464 2931 2675 2985 redibat
2705 2958 2754 2986 ι.

1726 3008 1872 3063 Vide
1893 3009 2121 3064 Observ.
2145 3011 2259 3074 111,
2289 3017 2344 3075 4.
2367 3009 2554 3065 Giton.

1811 3111 1900 3144 ao.
1928 3091 2096 3154 Illud,
2139 3089 2344 3145 scilicet
2379 3117 2404 3138 e
2429 3105 2618 3162 potore
2646 3091 2756 3144 fru-

1726 3183 1874 3224 ctum
1903 3170 2188 3223 fullonium
2214 3197 2263 3225 ι.

1819 3270 1848 3303 a
1863 3270 1884 3303 ι
1897 3289 1910 3302 .
1935 3251 2248 3322 conprimere
2271 3250 2404 3302 dene.
2429 3269 2503 3304 ne
2525 3250 2756 3322 gemitus

1731 3343 1995 3401 erumpat.

1813 3409 1865 3463 5.
1881 3411 2106 3464 lautum
2118 3443 2138 3471 ‚
2163 3409 2554 3479 importunum.

1809 3493 1865 3543 6.
1906 3490 2068 3542 Orous
2105 3489 2314 3558 recipere
2341 3490 2516 3541 noluit.
2553 3490 2634 3542 De
2663 3489 2756 3542 ho-

1727 3567 1874 3623 mine
1899 3568 2303 3624 sceleratissimo
2330 3567 2583 3622 dicebant
2599 3607 2616 3633 ,
2669 3569 2754 3620 vel

1723 3662 1972 3715 mortue,
2001 3650 2090 3702 ‘vel
2120 3649 2246 3702 vivo
2265 3685 2282 3714 ‚
2329 3649 2478 3718 quasi
2507 3648 2595 3702 cui
2622 3667 2757 3700 nun·

1724 3747 1883 3800 quam
1905 3729 2239 3800 contingeret
2249 3729 2400 3782 besta
2417 3740 2754 3781 mortuorum

1725 3809 1910 3880 quien
1934 3809 2030 3862 vel·
2047 3809 2136 3862 cui
2167 3827 2236 3861 ne
2265 3807 2279 3860 i
2325 3809 2509 3862 fernus
2534 3806 2752 3880 quidem

1664 3897 1676 3904 “
1721 3907 1824 3960 pro
1847 3888 2055 3942 meritis
2073 3889 2198 3942 sotis
2219 3825 2444 3940 hazeret
2465 3887 2758 3959 supplicio·

1720 3986 1860 4022 rum.
1893 3969 2068 4022 Valer.
2091 3969 2241 4022 Μαι.
2261 3968 2364 4031 ῙΧ,
2393 3985 2418 4020 1
2436 3987 2458 4021 1
2484 3986 2500 4019 =
2534 3992 2557 4015 ι
2581 3967 2753 4020 Etiam

1721 4047 1869 4118 apud
1899 4048 2099 4101 inferos
2117 4087 2133 4112 ,
2173 4048 2217 4102 si
2246 4060 2424 4101 tamen
2451 4047 2583 4099 illuc
2612 4065 2754 4099 rece·-

1721 4141 1847 4198 ptus
1877 4140 1986 4194 (st,
2017 4145 2136 4198 quae
2181 4139 2420 4180 meretur
2453 4127 2715 4198 supplicia
2734 4163 2754 4190 ,
