3067 5017
560 442 697 513 382
1340 435 1939 520 ΤΒΙΝυΜυε,

555 570 988 660 congnat0s‚
1035 561 1235 656 fugat
1274 562 1415 654 ipse
1447 585 1517 629 se
1555 585 1594 629 a
1639 584 1760 628 suo
1793 557 2125 626 contuitu.

552 679 793 769 Neque
830 674 1011 744 enim
1046 697 1199 741 eum
1239 672 1367 739 sibi
1406 671 1700 740 amicum
1749 667 1992 738 volunt
2041 666 2198 736 dici.
2253 665 2449 736 Mille
2494 668 2714 737 modis

662 783 672 792 ’
846 808 1041 858 amor
1077 781 1638 878 ingnorandu'stt,

558 894 800 968 Procul
842 893 1263 964 adhibendus
1300 908 1437 981 est,
1474 908 1678 987 atque
1725 889 2167 960 abstinendus
2205 915 2223 959 ε
2265 914 2422 959 nam
2479 891 2599 984 qui
2645 891 2715 958 in

858 1029 1161 1072 amorem
1428 1093 1435 1100 ·
2657 1021 2714 1060 30

562 1119 1055 1214 Praecipitavit,
1119 1117 1309 1212 pejus
1358 1118 1570 1212 perit,
1623 1142 1826 1212 quam
1870 1114 1926 1185 si
1979 1139 2138 1185 saxo
2177 1114 2391 1186 saiiat.
2443 1122 2720 1212 Apage,

852 1231 979 1315 εἰς,
1020 1225 1247 1298 amor!

563 1347 741 1412 Tuas
770 1365 873 1410 res
911 1339 1034 1408 tibi
1074 1339 1269 1408 habe.
1308 1341 1547 1425 Amor,
1587 1337 1752 1406 mihi
1788 1338 2040 1406 amicus
2077 1364 2161 1406 ne
2209 1337 2358 1408 fuas
2395 1349 2718 1432 unquam.

857 1454 1032 1519 Sunt
1072 1464 1296 1518 tamen

566 1565 759 1652 Quos
796 1561 1072 1628 miseros
1106 1556 1413 1653 maleque
1448 1558 1695 1652 habeas
1716 1609 1736 1642 ‚
1771 1583 1942 1652 quos
1979 1557 2101 1626 tibi
2128 1558 2456 1628 obnoxios
2483 1557 2719 1626 fecisti.

566 1676 848 1742 Certum
865 1669 946 1738 ’st
981 1669 1067 1737 ad
1101 1669 1364 1764 frugem
1395 1667 1735 1762 adplicare
1773 1669 2123 1754 auimum3
2169 1693 2580 1763 quamquam
2625 1667 2720 1734 ibi

859 1804 1087 1848 ammo

566 1893 789 1963 Labos
856 1890 1127 1986 grandis
1187 1890 1453 1983 capitur
1494 1914 1508 1958 τ
1553 1889 1718 1958 boni
1776 1889 1901 1957 sibi
1956 1889 2100 1957 haec
2137 1903 2498 1984 expetunt,
2541 1914 2720 1976 rem,

860 2000 1099 2084 fidem,
1139 1998 1509 2086 honorem,
2671 2023 2724 2063 35

568 2111 875 2182 Gloriam
910 2127 977 2180 et
1018 2111 1337 2206 gratiam,
1374 2110 1505 2179 hoc
1542 2110 1773 2205 probis
1812 2110 2108 2203 pretium
2133 2109 2232 2180 ’st.
2257 2114 2362 2180 Eo
2387 2112 2555 2180 mihi
2585 2138 2726 2180 ma-

862 2223 965 2317 gis
1007 2221 1192 2290 lubet
2151 2243 2158 2248 ·

566 2335 738 2402 Cum
772 2333 1001 2428 probis
1030 2325 1255 2428 poti’us
1276 2385 1295 2417 ‚
1324 2353 1527 2426 quam
1558 2356 1712 2400 cum
1747 2332 2048 2426 inprobis
2075 2332 2293 2401 vivere
2317 2333 2668 2402 vanidicis.

1016 2583 1471 2674 SCENA
1564 2582 2251 2674 SECUNDA.

508 2792 517 2800 '
616 2849 651 2879 .
1107 2799 1540 2914 *PHILTQ
1595 2799 2112 2869 LYSITELES.

569 3007 685 3052 PH.
735 2982 894 3070 Quo
934 2978 1069 3048 illic
1107 2979 1311 3048 homo
1358 2977 1542 3048 foras
1588 3004 1657 3049 se
1698 2978 2076 3074 pen'etravit
2120 3007 2200 3050 ex
2235 2981 2541 3054 aedibus?
2581 3007 2728 3055 LYs.

862 3093 1087 3175 Pater,
1127 3090 1386 3158 adsum.

566 3204 811 3295 Inpera
846 3199 1031 3294 quod
1060 3200 1193 3286 vis;
1236 3223 1453 3293 neque
1477 3198 1601 3267 tibi
1632 3222 1748 3266 ero
1780 3200 1849 3267 in
1878 3225 2070 3270 mora
2092 3255 2111 3290 ,
2143 3228 2360 3298 neque
2394 3205 2728 3274 latebroso

861 3336 969 3380 me
1012 3312 1130 3380 abs
1178 3325 1297 3379 tuo

1693 3465 1903 3536 Amph.
1923 3467 2013 3518 ΙΙΙ
2029 3506 2044 3531 ,
2075 3436 2224 3520 π.”--
2245 3469 2460 3532 Tamen,
2486 3469 2734 3539 quamvis

1693 3547 1793 3598 tibi
1839 3545 2136 3619 defuerim,
2183 3559 2362 3600 tamen
2411 3561 2490 3602 sat
2533 3549 2734 3602 multos

650 3465 744 3518 31.
781 3465 1153 3536 Praecipitavit,
1216 3463 1253 3515 ἱ.
1286 3481 1334 3517 e.
1362 3481 1606 3535 proeceps

567 3543 779 3597 cecidit.
804 3544 948 3598 Vide
980 3545 1098 3597 Mil.
1127 3545 1215 3607 II,
1262 3545 1313 3594 6.
1348 3574 1428 3584 —-
1468 3541 1606 3596 Saxo

568 3623 747 3687 saliat,
778 3624 942 3678 scilic.
982 3625 1209 3694 Tarpeio.
1245 3622 1329 3674 Ita
1354 3621 1606 3678 dicebant

567 3703 683 3756 sine
722 3705 822 3758 alia
864 3701 1156 3757 additione.
1189 3704 1409 3756 Lucret.
1448 3727 1472 3751 α
1500 3721 1608 3757 sce·

564 3783 799 3854 lorisque
824 3783 963 3838 luela
992 3785 1205 3843 Cal-cer,
1242 3793 1296 3834 et
1328 3781 1606 3836 horribilis

566 3861 635 3914 de
674 3883 799 3916 saxo
836 3866 996 3934 jactu'
1026 3862 1279 3917 deorsum
1300 3886 1349 3913 n.
1385 3863 1608 3915 Tacitus

569 3941 680 3994 LII
707 3963 725 3994 ,ε
769 3971 791 3992 ι
811 3945 873 3996 L.
891 3944 1171 3998 Pituanius
1212 3959 1339 3995 saxo
1370 3938 1605 4012 dejectus
1672 3957 1680 3962 ·

568 4034 651 4074 est
673 4047 695 4068 ι
710 4061 723 4074 .
745 4023 897 4076 Ln’s·
1329 4073 1338 4080 .

648 4101 741 4155 32.
778 4103 911 4156 Tuas
938 4123 1011 4154 res
1042 4103 1135 4154 tibi
1160 4101 1302 4154 habe.
1325 4101 1509 4152 ‘Verba
1541 4100 1604 4153 in

560 4178 815 4247 divortiis
866 4182 1120 4236 faciendis
1167 4182 1423 4236 solennia.
1461 4179 1606 4252 Vide

1695 3625 1918 3680 habebis
1957 3625 2105 3678 alios.

1781 3707 1874 3759 36.
1910 3706 2157 3769 Pretium,
2201 3727 2285 3760 res
2319 3708 2548 3779 pretiosa
2569 3747 2586 3774 ‚
2632 3711 2733 3761 bo-

1694 3803 1860 3850 num,
1883 3785 2016 3838 item
2049 3799 2210 3858 atque
2232 3793 2510 3858 proemium.
2529 3789 2732 3860 Amph.

1694 3865 1781 3930 ΙΙ,
1818 3883 1870 3928 1,
1909 3885 1993 3936 17.

1783 3961 1831 3996 1.
1862 3945 1972 3997 Illic
1999 3947 2138 3996 homo
2156 3986 2172 4009 ‚
2201 3945 2464 4017 significat
2491 3965 2651 4018 quem
2675 3946 2734 3999 in

1693 4037 1875 4076 mente
1906 4023 2170 4077 habemus
2200 4026 2593 4079 innominatum
2614 4025 2734 4097 qui-

1693 4099 1829 4154 dem.
1842 4103 1986 4156 ——Se
2003 4108 2294 4175 penetravit.
2317 4103 2461 4160 Vide
2490 4105 2734 4160 Nonium

1692 4182 1750 4234 h.
1775 4202 1892 4237 voc.
1919 4184 2026 4236 Ins.
2058 4203 2146 4238 vv.
2182 4193 2248 4248 14
2269 4224 2283 4250 ,
2316 4187 2409 4240 31.
