<?xml version="1.0" encoding="UTF-8"?>
<!DOCTYPE html PUBLIC "-//W3C//DTD XHTML 1.0 Transitional//EN"
    "http://www.w3.org/TR/xhtml1/DTD/xhtml1-transitional.dtd">
<html xmlns="http://www.w3.org/1999/xhtml" xml:lang="en" lang="en">
 <head>
  <title>
</title>
<meta http-equiv="Content-Type" content="text/html;charset=utf-8" />
  <meta name='ocr-system' content='tesseract 3.04.00' />
  <meta name='ocr-capabilities' content='ocr_page ocr_carea ocr_par ocr_line ocrx_word'/>
</head>
<body>
  <div class='ocr_page' id='page_1' title='image "./macciiplauticom00naudgoog_0312.png"; bbox 0 0 3067 5017; ppageno 0'>
   <div class='ocr_carea' id='block_1_1' title="bbox 564 335 840 356">
    <p class='ocr_par' dir='ltr' id='par_1_1' title="bbox 564 335 840 356">
     <span class='ocr_line' id='line_1_1' title="bbox 564 335 840 356; baseline 0 0"><span class='ocrx_word' id='word_1_1' title='bbox 564 335 840 356; x_wconf 51' lang='lat' dir='ltr'><strong>§mmm</strong></span> 
     </span>
    </p>
   </div>
   <div class='ocr_carea' id='block_1_2' title="bbox 841 333 1300 358">
    <p class='ocr_par' dir='ltr' id='par_1_2' title="bbox 841 333 1300 358">
     <span class='ocr_line' id='line_1_2' title="bbox 841 333 1300 358; baseline 0 4659"><span class='ocrx_word' id='word_1_2' title='bbox 841 333 1300 358; x_wconf 95' lang='lat' dir='ltr'><strong> </strong></span> 
     </span>
    </p>
   </div>
   <div class='ocr_carea' id='block_1_3' title="bbox 1303 336 1923 362">
    <p class='ocr_par' dir='ltr' id='par_1_3' title="bbox 1303 336 1923 362">
     <span class='ocr_line' id='line_1_3' title="bbox 1303 336 1923 362; baseline 0.008 -4"><span class='ocrx_word' id='word_1_3' title='bbox 1303 336 1923 362; x_wconf 61' lang='lat' dir='ltr'><strong>mmm</strong></span> 
     </span>
    </p>
   </div>
   <div class='ocr_carea' id='block_1_4' title="bbox 883 581 2396 962">
    <p class='ocr_par' dir='ltr' id='par_1_4' title="bbox 883 581 2396 962">
     <span class='ocr_line' id='line_1_4' title="bbox 883 581 2396 674; baseline 0.003 -6"><span class='ocrx_word' id='word_1_4' title='bbox 883 581 1309 672; x_wconf 84' lang='lat' dir='ltr'><strong>ALIUD</strong></span> <span class='ocrx_word' id='word_1_5' title='bbox 1389 582 2396 674; x_wconf 84' lang='lat' dir='ltr'><strong>ARGUMENTUM</strong></span> 
     </span>
     <span class='ocr_line' id='line_1_5' title="bbox 1076 821 2220 962; baseline 0.003 -5"><span class='ocrx_word' id='word_1_6' title='bbox 1076 821 2220 962; x_wconf 82' lang='lat' dir='ltr'><strong>CAMERARII.</strong></span> 
     </span>
    </p>
   </div>
   <div class='ocr_carea' id='block_1_5' title="bbox 1363 1137 1941 1168">
    <p class='ocr_par' dir='ltr' id='par_1_5' title="bbox 1363 1137 1941 1168">
     <span class='ocr_line' id='line_1_6' title="bbox 1363 1137 1941 1168; baseline 0 3849"><span class='ocrx_word' id='word_1_7' title='bbox 1363 1137 1941 1168; x_wconf 95' lang='lat' dir='ltr'><strong> </strong></span> 
     </span>
    </p>
   </div>
   <div class='ocr_carea' id='block_1_6' title="bbox 512 1323 2811 2950">
    <p class='ocr_par' dir='ltr' id='par_1_6' title="bbox 581 1323 2811 2333">
     <span class='ocr_line' id='line_1_7' title="bbox 585 1323 2719 1463; baseline -0.003 -18"><span class='ocrx_word' id='word_1_8' title='bbox 585 1323 1163 1445; x_wconf 68' lang='lat' dir='ltr'><strong>Amnum-rum</strong></span> <span class='ocrx_word' id='word_1_9' title='bbox 1193 1369 1397 1463; x_wconf 90' lang='lat' dir='ltr'><strong>hujus</strong></span> <span class='ocrx_word' id='word_1_10' title='bbox 1437 1368 1679 1440; x_wconf 80' lang='lat' dir='ltr'><strong>fabulae</strong></span> <span class='ocrx_word' id='word_1_11' title='bbox 1705 1385 1802 1440; x_wconf 88' lang='lat' dir='ltr'><strong>est</strong></span> <span class='ocrx_word' id='word_1_12' title='bbox 1838 1385 1907 1440; x_wconf 91' lang='lat' dir='ltr'><strong>et</strong></span> <span class='ocrx_word' id='word_1_13' title='bbox 1942 1369 2085 1440; x_wconf 88' lang='lat' dir='ltr'><strong>leve</strong></span> <span class='ocrx_word' id='word_1_14' title='bbox 2118 1385 2187 1439; x_wconf 92' lang='lat' dir='ltr'><strong>et</strong></span> <span class='ocrx_word' id='word_1_15' title='bbox 2226 1367 2447 1458; x_wconf 86' lang='lat' dir='ltr'><strong>futile,</strong></span> <span class='ocrx_word' id='word_1_16' title='bbox 2487 1366 2610 1438; x_wconf 88' lang='lat' dir='ltr'><strong>etsi</strong></span> <span class='ocrx_word' id='word_1_17' title='bbox 2646 1369 2719 1438; x_wconf 87' lang='lat' dir='ltr'><strong>in</strong></span> 
     </span>
     <span class='ocr_line' id='line_1_8' title="bbox 581 1492 2722 1590; baseline 0 -26"><span class='ocrx_word' id='word_1_18' title='bbox 581 1493 709 1564; x_wconf 89' lang='lat' dir='ltr'><strong>hac</strong></span> <span class='ocrx_word' id='word_1_19' title='bbox 727 1494 924 1565; x_wconf 84' lang='lat' dir='ltr'><strong>bonae</strong></span> <span class='ocrx_word' id='word_1_20' title='bbox 947 1507 1012 1564; x_wconf 89' lang='lat' dir='ltr'><strong>et</strong></span> <span class='ocrx_word' id='word_1_21' title='bbox 1028 1492 1361 1588; x_wconf 78' lang='lat' dir='ltr'><strong>praeclarae</strong></span> <span class='ocrx_word' id='word_1_22' title='bbox 1375 1496 1715 1564; x_wconf 80' lang='lat' dir='ltr'><strong>sententiae</strong></span> <span class='ocrx_word' id='word_1_23' title='bbox 1732 1495 1996 1566; x_wconf 83' lang='lat' dir='ltr'><strong>insertae</strong></span> <span class='ocrx_word' id='word_1_24' title='bbox 2018 1508 2198 1580; x_wconf 84' lang='lat' dir='ltr'><strong>sunt,</strong></span> <span class='ocrx_word' id='word_1_25' title='bbox 2216 1510 2283 1564; x_wconf 91' lang='lat' dir='ltr'><strong>et</strong></span> <span class='ocrx_word' id='word_1_26' title='bbox 2304 1493 2722 1590; x_wconf 79' lang='lat' dir='ltr'><strong>exemplum</strong></span> 
     </span>
     <span class='ocr_line' id='line_1_9' title="bbox 581 1617 2722 1715; baseline -0 -28"><span class='ocrx_word' id='word_1_27' title='bbox 581 1619 984 1715; x_wconf 85' lang='lat' dir='ltr'>proponitur</span> <span class='ocrx_word' id='word_1_28' title='bbox 1026 1618 1369 1712; x_wconf 84' lang='lat' dir='ltr'><strong>egregium</strong></span> <span class='ocrx_word' id='word_1_29' title='bbox 1379 1617 1583 1713; x_wconf 79' lang='lat' dir='ltr'><strong>fidei</strong></span> <span class='ocrx_word' id='word_1_30' title='bbox 1618 1617 2041 1714; x_wconf 60' lang='lat' dir='ltr'><strong>conjugalck.</strong></span> <span class='ocrx_word' id='word_1_31' title='bbox 2084 1621 2245 1687; x_wconf 92' lang='lat' dir='ltr'><strong>Duo</strong></span> <span class='ocrx_word' id='word_1_32' title='bbox 2272 1617 2722 1690; x_wconf 78' lang='lat' dir='ltr'><strong>adolescentes</strong></span> 
     </span>
     <span class='ocr_line' id='line_1_10' title="bbox 581 1740 2721 1838; baseline -0.001 -27"><span class='ocrx_word' id='word_1_33' title='bbox 581 1743 818 1811; x_wconf 83' lang='lat' dir='ltr'><strong>fratres</strong></span> <span class='ocrx_word' id='word_1_34' title='bbox 860 1741 1200 1811; x_wconf 87' lang='lat' dir='ltr'><strong>habebant</strong></span> <span class='ocrx_word' id='word_1_35' title='bbox 1235 1741 1402 1814; x_wconf 79' lang='lat' dir='ltr'><strong>duas</strong></span> <span class='ocrx_word' id='word_1_36' title='bbox 1443 1766 1701 1812; x_wconf 86' lang='lat' dir='ltr'><strong>sorores</strong></span> <span class='ocrx_word' id='word_1_37' title='bbox 1760 1740 2103 1838; x_wconf 86' lang='lat' dir='ltr'><strong>conjuges.</strong></span> <span class='ocrx_word' id='word_1_38' title='bbox 2148 1744 2333 1812; x_wconf 90' lang='lat' dir='ltr'><strong>Dum</strong></span> <span class='ocrx_word' id='word_1_39' title='bbox 2375 1742 2611 1811; x_wconf 78' lang='lat' dir='ltr'><strong>vivunt</strong></span> <span class='ocrx_word' id='word_1_40' title='bbox 2652 1743 2721 1809; x_wconf 94' lang='lat' dir='ltr'><strong>in</strong></span> 
     </span>
     <span class='ocr_line' id='line_1_11' title="bbox 583 1864 2724 1962; baseline 0 -27"><span class='ocrx_word' id='word_1_41' title='bbox 583 1864 744 1937; x_wconf 87' lang='lat' dir='ltr'><strong>luxu</strong></span> <span class='ocrx_word' id='word_1_42' title='bbox 785 1880 853 1936; x_wconf 91' lang='lat' dir='ltr'><strong>et</strong></span> <span class='ocrx_word' id='word_1_43' title='bbox 895 1864 1179 1954; x_wconf 85' lang='lat' dir='ltr'><strong>deliciis,</strong></span> <span class='ocrx_word' id='word_1_44' title='bbox 1228 1889 1368 1936; x_wconf 89' lang='lat' dir='ltr'><strong>rem</strong></span> <span class='ocrx_word' id='word_1_45' title='bbox 1415 1865 1809 1936; x_wconf 83' lang='lat' dir='ltr'><strong>familiarem</strong></span> <span class='ocrx_word' id='word_1_46' title='bbox 1851 1866 2142 1962; x_wconf 87' lang='lat' dir='ltr'><strong>perdunt</strong></span> <span class='ocrx_word' id='word_1_47' title='bbox 2176 1893 2193 1936; x_wconf 70' lang='grc' dir='ltr'><strong>ε</strong></span> <span class='ocrx_word' id='word_1_48' title='bbox 2231 1867 2409 1938; x_wconf 88' lang='lat' dir='ltr'><strong>hane</strong></span> <span class='ocrx_word' id='word_1_49' title='bbox 2452 1891 2724 1962; x_wconf 89' lang='lat' dir='ltr'><strong>recupe-</strong></span> 
     </span>
     <span class='ocr_line' id='line_1_12' title="bbox 587 1987 2725 2086; baseline 0 -28"><span class='ocrx_word' id='word_1_50' title='bbox 587 2014 736 2059; x_wconf 89' lang='lat' dir='ltr'><strong>rare</strong></span> <span class='ocrx_word' id='word_1_51' title='bbox 777 1987 1063 2083; x_wconf 60' lang='lat' dir='ltr'><strong>fstudent</strong></span> <span class='ocrx_word' id='word_1_52' title='bbox 1119 1991 1516 2060; x_wconf 79' lang='lat' dir='ltr'><strong>mercaturis</strong></span> <span class='ocrx_word' id='word_1_53' title='bbox 1556 1988 1878 2060; x_wconf 81' lang='lat' dir='ltr'>faciendis</span> <span class='ocrx_word' id='word_1_54' title='bbox 1922 2016 1938 2060; x_wconf 77' lang='lat' dir='ltr'><strong><em>z</em></strong></span> <span class='ocrx_word' id='word_1_55' title='bbox 1996 1989 2180 2084; x_wconf 89' lang='lat' dir='ltr'><strong>quod</strong></span> <span class='ocrx_word' id='word_1_56' title='bbox 2237 2003 2463 2061; x_wconf 82' lang='lat' dir='ltr'><strong>autem</strong></span> <span class='ocrx_word' id='word_1_57' title='bbox 2524 1989 2725 2086; x_wconf 88' lang='lat' dir='ltr'><strong>longo</strong></span> 
     </span>
     <span class='ocr_line' id='line_1_13' title="bbox 587 2109 2727 2206; baseline 0.001 -26"><span class='ocrx_word' id='word_1_58' title='bbox 587 2125 890 2205; x_wconf 79' lang='lat' dir='ltr'><strong>tempore</strong></span> <span class='ocrx_word' id='word_1_59' title='bbox 925 2111 1233 2182; x_wconf 82' lang='lat' dir='ltr'><strong>abessent</strong></span> <span class='ocrx_word' id='word_1_60' title='bbox 1254 2165 1274 2197; x_wconf 92' lang='lat'>,</span> <span class='ocrx_word' id='word_1_61' title='bbox 1308 2109 1454 2182; x_wconf 86' lang='lat' dir='ltr'><strong>vult</strong></span> <span class='ocrx_word' id='word_1_62' title='bbox 1489 2126 1681 2206; x_wconf 84' lang='lat' dir='ltr'><strong>pater</strong></span> <span class='ocrx_word' id='word_1_63' title='bbox 1714 2111 1885 2182; x_wconf 86' lang='lat' dir='ltr'><strong>filias</strong></span> <span class='ocrx_word' id='word_1_64' title='bbox 1905 2164 1925 2199; x_wconf 94' lang='lat'>,</span> <span class='ocrx_word' id='word_1_65' title='bbox 1963 2137 2203 2182; x_wconf 82' lang='lat' dir='ltr'><strong>uxores</strong></span> <span class='ocrx_word' id='word_1_66' title='bbox 2240 2111 2548 2200; x_wconf 86' lang='lat' dir='ltr'><strong>illorum,</strong></span> <span class='ocrx_word' id='word_1_67' title='bbox 2581 2111 2727 2182; x_wconf 86' lang='lat' dir='ltr'><strong>aliis</strong></span> 
     </span>
     <span class='ocr_line' id='line_1_14' title="bbox 583 2233 2811 2333; baseline 0 -29"><span class='ocrx_word' id='word_1_68' title='bbox 583 2233 952 2324; x_wconf 79' lang='lat' dir='ltr'><strong>collocare3</strong></span> <span class='ocrx_word' id='word_1_69' title='bbox 993 2236 1107 2306; x_wconf 87' lang='lat' dir='ltr'><strong>sed</strong></span> <span class='ocrx_word' id='word_1_70' title='bbox 1155 2235 1286 2306; x_wconf 82' lang='lat' dir='ltr'><strong>illae</strong></span> <span class='ocrx_word' id='word_1_71' title='bbox 1327 2251 1711 2308; x_wconf 82' lang='lat' dir='ltr'><strong>constanter</strong></span> <span class='ocrx_word' id='word_1_72' title='bbox 1750 2237 2193 2333; x_wconf 81' lang='lat' dir='ltr'><strong>refragantur.</strong></span> <span class='ocrx_word' id='word_1_73' title='bbox 2255 2238 2571 2309; x_wconf 88' lang='lat' dir='ltr'><strong>Redeunt</strong></span> <span class='ocrx_word' id='word_1_74' title='bbox 2627 2236 2727 2306; x_wconf 87' lang='lat' dir='ltr'><strong>illi</strong></span> <span class='ocrx_word' id='word_1_75' title='bbox 2800 2317 2811 2326; x_wconf 43' lang='lat'>‚</span> 
     </span>
    </p>

    <p class='ocr_par' dir='ltr' id='par_1_7' title="bbox 512 2358 2736 2950">
     <span class='ocr_line' id='line_1_15' title="bbox 588 2358 2729 2457; baseline 0.001 -29"><span class='ocrx_word' id='word_1_76' title='bbox 588 2383 662 2428; x_wconf 91' lang='lat' dir='ltr'><strong>re</strong></span> <span class='ocrx_word' id='word_1_77' title='bbox 697 2360 867 2429; x_wconf 89' lang='lat' dir='ltr'><strong>bene</strong></span> <span class='ocrx_word' id='word_1_78' title='bbox 905 2375 972 2429; x_wconf 91' lang='lat' dir='ltr'><strong>et</strong></span> <span class='ocrx_word' id='word_1_79' title='bbox 1010 2358 1292 2430; x_wconf 86' lang='lat' dir='ltr'><strong>feliciter</strong></span> <span class='ocrx_word' id='word_1_80' title='bbox 1329 2376 1511 2456; x_wconf 87' lang='lat' dir='ltr'><strong>gesta</strong></span> <span class='ocrx_word' id='word_1_81' title='bbox 1534 2416 1555 2448; x_wconf 89' lang='lat'>‚</span> <span class='ocrx_word' id='word_1_82' title='bbox 1596 2377 1665 2431; x_wconf 86' lang='lat' dir='ltr'><strong>et</strong></span> <span class='ocrx_word' id='word_1_83' title='bbox 1714 2363 1892 2431; x_wconf 90' lang='lat' dir='ltr'><strong>aucti</strong></span> <span class='ocrx_word' id='word_1_84' title='bbox 1927 2362 2170 2457; x_wconf 86' lang='lat' dir='ltr'><strong>opibus</strong></span> <span class='ocrx_word' id='word_1_85' title='bbox 2209 2388 2225 2431; x_wconf 76' lang='grc' dir='ltr'><strong><em>ε</em></strong></span> <span class='ocrx_word' id='word_1_86' title='bbox 2268 2362 2495 2457; x_wconf 86' lang='lat' dir='ltr'><strong>itaque</strong></span> <span class='ocrx_word' id='word_1_87' title='bbox 2538 2359 2729 2432; x_wconf 84' lang='lat' dir='ltr'><strong>facile</strong></span> 
     </span>
     <span class='ocr_line' id='line_1_16' title="bbox 512 2465 2735 2579; baseline 0 -28"><span class='ocrx_word' id='word_1_88' title='bbox 512 2465 521 2474; x_wconf 52' lang='grc'><strong>’</strong></span> <span class='ocrx_word' id='word_1_89' title='bbox 589 2481 1110 2554; x_wconf 84' lang='lat' dir='ltr'><strong>reconciliantur</strong></span> <span class='ocrx_word' id='word_1_90' title='bbox 1169 2509 1418 2554; x_wconf 89' lang='lat' dir='ltr'><strong>socer0.</strong></span> <span class='ocrx_word' id='word_1_91' title='bbox 1479 2485 1818 2556; x_wconf 84' lang='lat' dir='ltr'><strong>Parasitus</strong></span> <span class='ocrx_word' id='word_1_92' title='bbox 1881 2499 2103 2555; x_wconf 89' lang='lat' dir='ltr'><strong>autem</strong></span> <span class='ocrx_word' id='word_1_93' title='bbox 2128 2543 2147 2573; x_wconf 87' lang='lat'>‚</span> <span class='ocrx_word' id='word_1_94' title='bbox 2220 2511 2357 2579; x_wconf 93' lang='lat' dir='ltr'><strong>quo</strong></span> <span class='ocrx_word' id='word_1_95' title='bbox 2420 2486 2599 2555; x_wconf 89' lang='lat' dir='ltr'><strong>socio</strong></span> <span class='ocrx_word' id='word_1_96' title='bbox 2665 2498 2735 2553; x_wconf 89' lang='lat' dir='ltr'><strong>et</strong></span> 
     </span>
     <span class='ocr_line' id='line_1_17' title="bbox 525 2606 2735 2702; baseline 0 -27"><span class='ocrx_word' id='word_1_97' title='bbox 525 2609 531 2614; x_wconf 78' lang='grc'><em>’</em></span> <span class='ocrx_word' id='word_1_98' title='bbox 591 2606 898 2700; x_wconf 85' lang='lat' dir='ltr'><strong>adjutore</strong></span> <span class='ocrx_word' id='word_1_99' title='bbox 945 2633 1085 2676; x_wconf 88' lang='lat' dir='ltr'><strong>rem</strong></span> <span class='ocrx_word' id='word_1_100' title='bbox 1133 2609 1526 2695; x_wconf 81' lang='lat' dir='ltr'><strong>amiserant,</strong></span> <span class='ocrx_word' id='word_1_101' title='bbox 1576 2609 1661 2676; x_wconf 85' lang='lat' dir='ltr'><strong>ab</strong></span> <span class='ocrx_word' id='word_1_102' title='bbox 1712 2607 1845 2677; x_wconf 90' lang='lat' dir='ltr'><strong>illis</strong></span> <span class='ocrx_word' id='word_1_103' title='bbox 1902 2606 2281 2702; x_wconf 87' lang='lat' dir='ltr'><strong>repellitur,</strong></span> <span class='ocrx_word' id='word_1_104' title='bbox 2325 2625 2391 2679; x_wconf 87' lang='lat' dir='ltr'><strong>et</strong></span> <span class='ocrx_word' id='word_1_105' title='bbox 2443 2607 2735 2678; x_wconf 90' lang='lat' dir='ltr'><strong>ludibrio</strong></span> 
     </span>
     <span class='ocr_line' id='line_1_18' title="bbox 591 2726 2736 2828; baseline 0 -30"><span class='ocrx_word' id='word_1_106' title='bbox 591 2726 897 2799; x_wconf 86' lang='lat' dir='ltr'><strong>habetur.</strong></span> <span class='ocrx_word' id='word_1_107' title='bbox 941 2730 1168 2801; x_wconf 89' lang='lat' dir='ltr'><strong>Sticho</strong></span> <span class='ocrx_word' id='word_1_108' title='bbox 1205 2731 1406 2800; x_wconf 86' lang='lat' dir='ltr'><strong>etiam</strong></span> <span class='ocrx_word' id='word_1_109' title='bbox 1439 2755 1632 2801; x_wconf 88' lang='lat' dir='ltr'><strong>servo</strong></span> <span class='ocrx_word' id='word_1_110' title='bbox 1661 2746 1953 2827; x_wconf 87' lang='lat' dir='ltr'><strong>potestas</strong></span> <span class='ocrx_word' id='word_1_111' title='bbox 1978 2731 2065 2801; x_wconf 82' lang='lat' dir='ltr'><strong>fit</strong></span> <span class='ocrx_word' id='word_1_112' title='bbox 2097 2732 2401 2804; x_wconf 84' lang='lat' dir='ltr'><strong>convivii&#39;</strong></span> <span class='ocrx_word' id='word_1_113' title='bbox 2436 2728 2736 2828; x_wconf 86' lang='lat' dir='ltr'><strong>agitandi</strong></span> 
     </span>
     <span class='ocr_line' id='line_1_19' title="bbox 596 2852 1617 2950; baseline 0.003 -28"><span class='ocrx_word' id='word_1_114' title='bbox 596 2878 752 2923; x_wconf 88' lang='lat' dir='ltr'><strong>cum</strong></span> <span class='ocrx_word' id='word_1_115' title='bbox 789 2852 998 2923; x_wconf 90' lang='lat' dir='ltr'><strong>altero</strong></span> <span class='ocrx_word' id='word_1_116' title='bbox 1035 2879 1226 2925; x_wconf 88' lang='lat' dir='ltr'><strong>servo</strong></span> <span class='ocrx_word' id='word_1_117' title='bbox 1269 2856 1617 2950; x_wconf 83' lang='lat' dir='ltr'><strong>Sagarino.</strong></span> 
     </span>
    </p>
   </div>
  </div>
 </body>
</html>
