3067 5017
564 404 707 477 320
934 407 1419 491 STICHUS,
1477 407 1812 477 ACTUS
1871 408 1948 493 Ι,
2007 409 2149 476 SC.
2200 410 2351 477 ΙΙΙ.

557 556 761 604 enoc.
800 528 1058 600 Malum
1088 530 1211 599 tibi
1242 531 1314 600 di
1348 528 1547 599 dent!
1589 554 1746 600 GEL.
1781 534 1940 599 Haec
1971 530 2199 599 eadem
2237 532 2402 601 dicit
2435 533 2581 603 tibi.

556 665 752 714 onoc.
775 640 962 731 Quid
989 641 1223 711 nunc?
1252 642 1498 728 iturus,
1527 666 1614 710 an
1641 643 1828 711 non?
1855 666 2013 711 GEL.
2043 643 2174 713 Abi
2207 666 2368 713 sane
2400 646 2702 716 domum.

556 758 704 823 Jam
742 751 855 820 illo
890 767 1251 822 venturum
1291 752 1534 837 dicito,
1578 776 1865 847 propera
1887 806 1907 837 ‚
1948 768 2150 847 atque
2187 755 2322 824 abi.

555 850 871 933 Demiror
908 862 1069 957 quid
1110 861 1279 933 illaec
1320 890 1427 932 me
1469 864 1555 933 ad
1592 889 1660 932 se
1704 863 1946 931 arcessi
1988 865 2305 956 jusserit,

554 977 723 1065 Quae
761 998 1107 1067 nunquam
1135 975 1337 1066 jussit
1374 999 1480 1042 me
1508 974 1594 1043 ad
1621 998 1688 1043 se
1726 974 1967 1042 arcessi
1999 989 2158 1042 ante
2191 976 2374 1045 hunc
2397 974 2575 1045 diem
2595 1032 2614 1066 ‚
2635 1012 2720 1038 no

552 1089 911 1178 Postquam
955 1085 1058 1151 vir
1092 1085 1257 1152 abiit
1304 1085 1469 1177 ejus.
1518 1085 1738 1155 Miror
1775 1082 1939 1177 quid
1977 1084 2139 1170 siet3

548 1197 697 1266 Nisi
740 1208 813 1263 ut
854 1193 1232 1289 periculum
1271 1194 1433 1280 fiat,
1476 1196 1690 1263 visam
1732 1194 1894 1287 quid
1933 1193 2116 1262 velit.

549 1307 683 1377 Sed
718 1333 949 1378 eccum
996 1309 1359 1377 Dinacium
1406 1308 1552 1401 ejus
1589 1333 1875 1402 puerum
1918 1334 1933 1376 ε
1981 1308 2110 1377 hoc
2148 1308 2322 1377 vide.

550 1418 759 1489 Satin'
806 1434 883 1487 ut
919 1418 1161 1505 facete,
1202 1435 1405 1513 atque
1450 1444 1530 1487 ex
1569 1420 1835 1512 pictura
1869 1418 2172 1489 adstitit?

550 1533 671 1601 Nae
709 1530 871 1613 iste,
908 1528 1183 1623 edepol,
1216 1519 1451 1599 vinuin
1490 1528 1736 1623 poculo
1776 1528 2146 1622 pauxillulo
2627 1556 2706 1593 ns

555 1642 742 1736 Saepe
784 1639 1160 1711 exanclavit
1193 1641 1582 1709 submerum
1619 1640 2010 1709 scitissume.
2345 1652 2358 1665 ’

556 1874 681 1943 pin,
730 1872 843 1927 Cic.
894 1890 996 1943 pro
1056 1871 1253 1925 Roscio
1306 1870 1586 1925 Amerino.
1765 1876 1894 1935 114.
1937 1872 2025 1923 Ex
2058 1874 2287 1941 pictum,
2336 1870 2395 1925 id
2441 1885 2551 1938 est,
2589 1892 2708 1945 gra·

562 1954 749 2006 Tmuv.
1675 1951 1858 2023 phiec,
1877 1950 2179 2016 euscheme,
2209 1965 2271 2006 ut
2291 1952 2422 2005 alibi
2443 1953 2707 2025 loquitur.

644 2035 769 2084 106.
796 2032 924 2085 Hoec
940 2031 1121 2102 lingua
1140 2031 1263 2084 dicit
1284 2031 1373 2084 tibi
1393 2030 1578 2112 qudem,
1675 2030 1837 2103 Epid.
1859 2032 1972 2096 111,
2007 2032 2040 2084 3
2056 2071 2071 2095 ‚
2107 2050 2198 2100 ²9·

557 2111 669 2165 scil.
697 2111 873 2164 malum
904 2112 990 2163 tibi
1016 2112 1145 2164 dent.
1763 2128 1786 2163 1
1804 2128 1825 2163 1
1839 2114 1894 2164 6.
1915 2110 2211 2164 Submemm.
2227 2111 2580 2182 Aliquantum
2600 2130 2711 2165 me-

641 2210 662 2244 1
680 2211 702 2244 1
718 2210 769 2243 2.
807 2192 925 2246 Nisi
956 2203 1012 2243 ut
1040 2192 1307 2261 periculum
1330 2189 1459 2261 fiat,
1492 2189 1587 2245 sed
1676 2209 1820 2256 rum,
1833 2210 1945 2245 non
1958 2190 2266 2247 ‘admodum
2294 2210 2430 2263 aqua
2454 2190 2706 2245 dilutum.

552 2284 614 2324 ut
636 2271 876 2343 experiar
897 2270 1029 2343 quid
1048 2271 1130 2324 sit.
1675 2271 1862 2326 Luni.
