3067 5017
940 443 1281 511 ACTUs
1332 442 1471 525 11‚.
1506 439 1852 509 SCENA
1903 439 2034 506 1v.
2413 434 2557 531 473

402 570 808 660 Properate3
850 564 1105 632 auferte
1138 588 1459 633 mensam.
1502 586 1675 632 PHR.
1711 561 1972 629 Amabo
1994 612 2012 644 ‚
2043 558 2278 628 sanun’
2297 559 2415 627 es?

404 700 559 746 Dm.
595 680 751 745 Non
771 728 790 761 ,
816 672 1090 767 edepol,
1123 675 1355 743 bibere
1388 697 1656 767 possum
1678 671 1818 763 jam
1840 724 1859 754 ‚
1890 671 1978 737 ita
2005 670 2232 737 animo
2261 666 2435 738 male
2451 669 2554 737 ’st.
2655 758 2663 767 .

403 811 571 857 Pfflz.
630 790 873 871 Mane3
912 784 1168 879 aliquid
1207 784 1366 871 fiet,
1416 809 1501 851 ne
1549 782 1680 851 ahi.
1756 782 1908 849 nm.
1977 776 2127 850 Ah!
2177 780 2560 875 adspersisti
2626 798 2634 804 ’

701 920 948 989 aquam
972 947 990 979 ‚

2511 909 2556 949 25

399 1010 553 1075 Jam
590 1004 786 1073 rediit
820 1006 1084 1073 animus
1116 1030 1131 1073 τ
1176 1002 1366 1083 deme
1408 982 1664 1087 soleas3
1704 998 1870 1068 cedo
1897 1053 1916 1086 ,
1956 998 2206 1067 bibam.

397 1140 575 1185 PER.
611 1116 799 1183 Idem
844 1141 951 1202 eS,
996 1129 1287 1201 ecastor,
1323 1114 1439 1207 qui
1480 1110 1698 1180 soles:
1741 1108 1856 1178 sed
1902 1108 2010 1177 dic
2045 1109 2244 1193 mihi,

396 1229 670 1305 Benene
694 1224 1167 1295 ambulavisti?
1190 1250 1337 1294 nm.
1372 1228 1523 1293 Huc
1549 1222 1850 1317 quidem,
1877 1218 2125 1307 hercle,
2149 1219 2234 1287 ad
2263 1234 2326 1287 te
2353 1220 2524 1288 bene
2541 1272 2560 1305 ,

398 1336 745 1423 Quoniam
787 1336 887 1403 tu'i
922 1334 1283 1403 videndi'st
1321 1336 1538 1427 copia.
1571 1358 1737 1403 pua.
1773 1328 2242 1423 Conplectere.

394 1470 554 1515 Dm.
596 1446 868 1515 Lubens
902 1472 917 1513 ε
954 1446 1076 1528 ali,
1113 1446 1242 1513 hoc
1288 1460 1386 1513 est
1432 1443 1560 1511 mel
1609 1440 2020 1510 melle‘dulci
2058 1436 2351 1507 dulcius!
2511 1466 2560 1493 ιο

394 1559 550 1623 Hoc
583 1556 715 1623 tuis
750 1555 1069 1641 fortuniS,
1116 1556 1399 1647 Jupiter,
1445 1566 1768 1648 praestant
1805 1577 1988 1620 meae.
2416 1556 2426 1566 ‘

396 1689 566 1734 PHR.
602 1665 773 1734 Dan’
804 1664 1116 1734 savium?
1146 1690 1293 1735 Dirc.
1333 1669 1485 1734 Imo
1524 1663 1626 1732 vel
1664 1663 1915 1732 decem.
1955 1686 2125 1731 rna.
2154 1662 2353 1729 Haud
2389 1662 2556 1729 istoc

694 1800 953 1869 pauper
991 1801 1059 1843 es
1086 1802 1101 1844 :

396 1884 567 1957 Plus
610 1884 925 1977 pollicere
947 1939 966 1971 ,
1002 1911 1204 1979 quam
1241 1911 1367 1982 ego
1414 1914 1451 1955 a
1491 1902 1558 1955 te
1595 1882 1889 1980 postulo.

394 2019 550 2065 Dm.
592 1996 867 2065 Utinam
905 2020 943 2063 a
984 1996 1315 2089 principio
1359 1999 1452 2066 rei
1491 1998 1652 2066 item
1688 1994 2042 2088 parsissem
2081 2016 2284 2079 meae,

392 2107 499 2173 Ut
536 2130 717 2173 nunc
752 2107 1049 2199 reparcis
1094 2102 1322 2175 saviis!
1363 2132 1526 2176 prm.
1565 2098 1644 2175 *Si
1685 2104 1851 2200 quid
1887 2104 2012 2172 tibi
2507 2127 2558 2166 2⁵

394 2214 753 2308 Conpendi
790 2215 1007 2284 facere
1045 2216 1323 2309 possim,
1364 2217 1657 2302 factum,
1699 2214 1962 2307 edepol,
2003 2212 2224 2281 velim.

393 2348 557 2395 Dm.
594 2328 737 2393 Jam
770 2324 1035 2395 lavisti?
1064 2350 1231 2396 PHR.
1261 2332 1409 2395 Jam
1432 2382 1451 2415 ,
1481 2325 1631 2421 pol,
1665 2324 1829 2392 mihi
1863 2324 2137 2417 quidem
2173 2336 2375 2416 atque
2403 2348 2560 2391 ocu-

690 2434 768 2505 lis
814 2438 998 2505 meiS.

390 2546 580 2615 Num
608 2546 733 2613 tibi
768 2546 1033 2615 sordere
1068 2546 1341 2615 videor?
1369 2568 1521 2616 nm.
1560 2547 1720 2615 Non
1744 2596 1763 2629 ‚
1798 2542 1944 2636 pol,
1993 2540 2158 2609 mihi
2198 2540 2492 2635 quidem.

390 2657 655 2723 Verum
696 2670 1051 2750 tempestas
1085 2657 1357 2725 memini
1393 2681 1610 2751 quom
1646 2654 1988 2749 quondam
2027 2651 2192 2735 fuit,

392 2767 625 2855 Quom
666 2767 841 2834 inter
874 2792 997 2835 nos
1036 2766 1455 2836 sorderemus
1500 2791 1674 2835 unus
1707 2763 1928 2834 alteri.
2091 2762 2093 2764 ¹
2506 2785 2561 2823 ³0

391 2928 571 2982 Soteae
627 2928 777 2980 fuere
834 2929 1181 2981 calceamenti
1230 2947 1431 2999 genus,

388 3027 507 3078 quo
533 3008 807 3079 praecipue
834 3010 1123 3061 utebantur
1152 3009 1429 3061 eoenaturi.

387 3088 499 3140 Eas
541 3086 913 3157 deponebant,
957 3108 1123 3159 quum
1170 3090 1308 3141 lecto
1350 3088 1435 3139 in-

388 3166 749 3233 scenderent;
798 3169 842 3219 si
888 3168 1007 3239 quis
1051 3167 1199 3219 abire
1244 3168 1433 3229 vellet,

305 3291 313 3297 .
386 3248 648 3319 poscebat
693 3266 721 3299 a
771 3264 925 3300 servo
960 3265 973 3301 :
1014 3247 1199 3301 soleas.
1243 3249 1430 3300 Horat.

390 3328 511 3381 Sat.
541 3328 628 3392 11,
660 3330 726 3393 8,
758 3329 947 3397 77.N.

479 3413 566 3471 14.
610 3407 795 3459 Animo
840 3408 980 3459 male.
1024 3406 1181 3459 Conf.
1226 3406 1431 3476 Amph.

390 3486 473 3553 V,
501 3505 553 3552 1,
582 3489 636 3540 6.

336 3597 345 3611 .-
481 3566 570 3619 15.
602 3566 909 3635 Adspersistc'
944 3586 1140 3639 aquam.
1172 3564 1431 3619 Bacchid.

387 3646 480 3711 11,
514 3648 576 3713 3,
620 3648 709 3699 13.

482 3730 572 3779 16.
598 3726 781 3791 Deme,
810 3739 913 3781 etc.
936 3725 1139 3778 Eadem
1158 3762 1175 3789 ‚
1196 3742 1316 3796 quae
1342 3744 1430 3777 su-

385 3824 493 3877 pra
522 3824 581 3857 12
604 3844 619 3868 ,
650 3806 817 3859 fictio,

481 3886 568 3939 18.
585 3886 779 3937 Benene
804 3885 1113 3937 ambulaviste'
1122 3882 1149 3925 1'
1173 3884 1429 3937 Formula

388 3972 642 4036 quau-ens
681 3964 751 4017 de
792 3965 1167 4017 incolumitate
1210 3982 1451 4035 peregre.

388 4044 686 4108 venienti‘s,
723 4044 925 4115 pendet
954 4046 1021 4097 ab
1060 4044 1222 4097 altera
1252 4062 1267 4098 τ
1298 4046 1435 4096 Bene

390 4124 588 4178 ambula
603 4142 625 4187 ,⁰
650 4143 756 4195 qua
787 4126 1041 4177 abeuntes
1068 4124 1429 4177 dimittebant.
1506 4166 1519 4182 .

390 4205 459 4256 In
496 4204 849 4274 sequentihus
868 4242 883 4269 ,
908 4223 1065 4257 avara
1094 4204 1287 4279 mulier
1309 4205 1432 4257 sini-

1522 2941 1682 2981 stram
1724 2930 1836 3000 ejus
1882 2926 2254 2979 liberalitatem
2301 2926 2564 2995 perstrin-

1520 3009 1628 3077 git,
1688 3021 1739 3061 et
1787 3020 2075 3078 egestatem
2128 3005 2316 3077 objicit
2369 3005 2557 3068 tacite,

1520 3107 1689 3158 quum
1718 3106 1748 3139 a
1775 3086 1970 3139 suaviis
1995 3105 2106 3139 non
2133 3104 2243 3137 esse
2269 3104 2561 3155 pauperem

1523 3168 1616 3221 ait.
1667 3168 1750 3219 Ibi
1800 3158 1989 3219 contra
2039 3166 2129 3217 ille
2177 3166 2561 3236 parsimoniam

1523 3248 1828 3299 suaviorum
1868 3248 1923 3298 in
1967 3246 2080 3315 ipsa
2122 3245 2362 3295 incusat:
2398 3258 2450 3297 et
2493 3242 2562 3297 ad

1524 3329 1641 3396 ejus
1691 3326 1996 3395 exemplum
2055 3337 2245 3394 optat,
2296 3324 2424 3375 olim
2480 3324 2560 3377 rei

1522 3406 1653 3458 item
1681 3423 1790 3457 suae
1821 3424 1878 3457 se
1913 3404 2156 3474 paraisse.
2181 3406 2413 3456 Acmu..

1607 3504 1704 3553 19,
1747 3504 1835 3537 20.
1880 3484 2207 3554 Conplectere.
2233 3482 2386 3535 Asin.
2433 3484 2556 3545 ΙΙΙ,

1526 3567 1591 3629 3,
1621 3571 1714 3629 πά,
1742 3564 1834 3618 25.

1609 3649 1699 3697 26.
1735 3644 1988 3714 Conpendi
2001 3644 2203 3711 facere,
2221 3643 2262 3695 si
2293 3640 2426 3714 quid
2455 3644 2552 3695 tibi

1519 3724 1773 3796 prodesse
1801 3724 2022 3794 possim.
2047 3726 2231 3776 Lama.

1606 3824 1697 3875 27.
1736 3803 1878 3863 Jam,
1916 3806 2036 3875 pol,
2079 3804 2207 3855 milu’.
2237 3803 2390 3866 Jam,
2441 3821 2558 3853 mea

1520 3885 1778 3937 sententia
1824 3896 1878 3935 et
1925 3894 2188 3953 quantum
2241 3880 2428 3934 videre
2474 3900 2562 3933 me

1521 3982 1773 4034 possum,
1811 3964 1953 4015 lauta
1983 3982 2136 4026 snm;
2184 3962 2287 4014 nisi
2322 3962 2420 4015 tibi
2451 3982 2563 4013 sor-·

1522 4042 1650 4095 dere
1676 4042 1879 4093 videar.
1910 4037 1980 4094 N.

1609 4124 1698 4175 30.
1731 4120 2070 4188 Sor-daremus,
2103 4120 2395 4175 contemtui
2425 4138 2562 4173 esse-

1524 4208 1666 4254 mus}
1696 4202 1878 4256 Lam.
