3067 5017
594 414 740 513 574
1360 412 1990 503 QUEROLUS,

586 540 819 641 prius?
848 538 1040 636 quasi
1076 535 1188 609 ille
1219 538 1409 634 prius
1444 538 1676 609 videre
1711 540 1844 609 hoc
1883 564 2024 609 non
2059 540 2379 635 potuerit.
2410 542 2476 613 O
2511 541 2751 637 iniqua

588 646 991 723 dominatio!
1030 651 1183 743 Ipse
1220 662 1450 721 autem
1492 649 1550 719 si
1589 649 1863 745 culpam
1903 650 2206 721 fortassis
2239 651 2570 740 advertit,
2616 653 2752 723 dis-

591 760 867 833 simulat
893 774 958 830 et
993 773 1172 829 tacet
1190 812 1211 846 ,
1240 774 1309 829 et
1347 774 1494 830 tum
1525 757 1716 829 litem
1750 759 2076 846 intendit,
2103 761 2376 855 quando
2407 763 2752 833 excusatio

592 870 781 943 nulla
806 871 946 965 jam
981 870 1241 957 subest,
1278 894 1365 939 ne
1396 884 1629 964 postea
1659 885 2009 939 succurrat
2037 869 2241 959 illud,
2273 872 2415 966 jam
2443 871 2752 942 volebam

592 982 838 1053 dicere.
876 984 1026 1051 Jam
1064 980 1379 1075 quotiens
1413 979 1596 1049 ultro
1634 979 1942 1074 citroque
1987 982 2444 1068 extrudimur,
2481 1006 2753 1056 necesse

595 1105 702 1161 est
743 1115 1043 1161 remeare
1079 1089 1165 1161 ad
1202 1089 1403 1159 diem.
1449 1094 1681 1185 Atque
1715 1105 1793 1160 ut
1825 1092 2200 1186 agnoscatis
2235 1093 2504 1187 penitus
2535 1108 2754 1163 artem

594 1202 891 1273 hominis
913 1200 1218 1297 pessimi,
1243 1224 1451 1270 unam
1479 1225 1745 1297 semper
1759 1200 1936 1271 ultra
1959 1202 2218 1297 justum
2239 1204 2437 1273 nobis
2466 1202 2756 1299 largitur

599 1313 777 1384 diem
796 1367 816 1402 ,
846 1328 925 1383 ut
962 1311 1051 1382 ad
1076 1312 1549 1407 praescriptum
1581 1327 2020 1383 revertamur.
2048 1316 2295 1386 Nonne
2334 1314 2459 1385 iste
2500 1315 2755 1385 irarum

596 1449 830 1495 causas
861 1423 1223 1519 quaerirat?
1248 1423 1393 1494 Nos
1422 1437 1649 1492 autem
1683 1446 1972 1519 semper,
2010 1423 2342 1519 quidquid
2377 1423 2538 1494 libet
2567 1423 2757 1493 aliud

599 1535 734 1606 alio
773 1534 981 1605 fuerit
1018 1547 1361 1628 tempore,
1408 1532 1592 1603 illam
1639 1534 1837 1617 nohis
1880 1532 2258 1628 specialiter
2297 1534 2477 1603 diem
2517 1535 2757 1603 tribui-

604 1669 787 1735 mus,
824 1669 960 1739 qua
998 1642 1280 1723 redituri
1314 1667 1571 1714 sumus·
1615 1646 1854 1738 Itaque
1899 1644 2249 1729 dominuS,
2286 1646 2402 1739 qui
2437 1643 2579 1714 falli
2613 1670 2756 1716 sese

601 1782 744 1826 non
775 1754 919 1825 vult
946 1779 1167 1850 neque
1200 1752 1460 1848 decipi,
1488 1777 1690 1848 quem
1718 1736 2020 1823 kalendis
2057 1754 2219 1825 velit
2245 1755 2472 1825 adesse
2489 1808 2510 1838 ‚
2540 1755 2758 1825 redire

598 1865 801 1960 jubet
841 1863 1083 1960 pridie.
1131 1861 1314 1932 Illud
1369 1877 1596 1932 autem
1645 1861 1845 1957 quale
1887 1878 2019 1950 est,
2067 1865 2248 1960 quod
2311 1864 2757 1936 temulentum

609 1989 1030 2059 exsecratur,
1062 1986 1269 2069 atque
1308 1974 1616 2067 agnoscit
1655 1999 1860 2067 quam
1899 1975 2091 2046 cito?
2148 1976 2425 2045 modum
2469 1976 2758 2071 qualita-

606 2101 881 2182 temque
906 2084 1047 2153 vini
1076 2083 1148 2153 in
1177 2081 1363 2152 voltu
1392 2097 1460 2153 et
1488 2083 1681 2153 labiis
1709 2085 1929 2180 primo
1957 2101 2318 2181 conspectu
2352 2086 2534 2156 videt
2563 2112 2580 2155 t
2616 2084 2758 2155 falli

608 2220 679 2266 se
711 2219 985 2292 prorsus
1016 2218 1157 2263 non
1190 2191 1330 2264 volt
1352 2246 1371 2277 ,
1402 2219 1624 2289 neque
1649 2194 2160 2283 circumveniri,
2181 2210 2258 2265 ut
2289 2194 2528 2267 solent.
2555 2196 2760 2287 Quis·

604 2330 897 2399 quamne
926 2304 1086 2373 huic
1122 2304 1333 2398 possit
1357 2304 1540 2375 bene.
1563 2318 1682 2375 aut
1719 2306 1964 2375 servire
1991 2320 2111 2375 aut
2136 2306 2458 2402 obsequi?
2476 2307 2756 2377 calidam

602 2416 935 2487 fumosam
978 2439 1117 2483 non
1153 2413 1333 2503 volt,
1384 2439 1605 2509 neque
1642 2403 1882 2485 calices
1919 2430 2392 2511 unguentatos.
2429 2419 2758 2507 Quaenam

604 2541 767 2597 sunt
800 2525 907 2595 hae
952 2522 1248 2596 deliciae?
1276 2524 1624 2595 urceolum
1659 2540 2019 2595 contusum
2054 2540 2123 2595 et
2166 2525 2528 2597 infractum
2571 2552 2760 2596 oeno-

609 2638 906 2734 phorum
947 2632 1481 2706 exauriculatum
1515 2650 1584 2705 et
1623 2636 2006 2724 sordidum,
2053 2636 2422 2732 ampullam
2452 2654 2758 2709 truncam

604 2746 1047 2841 limosamque
1088 2744 1309 2815 densis
1341 2744 1582 2816 fultam
1609 2746 1856 2819 cerulis
1887 2798 1908 2833 ,
1951 2773 2086 2818 non
2119 2747 2510 2844 simpliciter
2539 2750 2760 2833 intue-

607 2872 759 2928 tur:
791 2856 997 2927 bilem
1024 2870 1254 2926 tenere
1276 2858 1389 2926 vix
1415 2872 1661 2952 potest.
1685 2862 1832 2927 Jam
1861 2860 2239 2955 excogitare
2265 2884 2526 2954 nequeo
2543 2914 2564 2948 ‚
2596 2859 2761 2957 quid

502 2972 507 2979 '
606 2972 735 3054 sit,
775 2966 960 3063 quod
996 2979 1135 3035 tam
1163 2968 1389 3061 pravis
1423 2967 1690 3063 placere
1733 2971 1948 3065 possit
1979 2971 2303 3041 moribus,
2344 2974 2604 3042 Vinum
2646 2996 2759 3042 au-

610 3092 747 3147 tem
785 3090 1187 3171 corruptum
1221 3090 1705 3173 tenuatumque
1741 3077 2032 3176 lymphis
2059 3084 2384 3153 continuo
2413 3082 2759 3179 intellegit.

612 3185 919 3279 Solemus
954 3186 1157 3255 etiam
1189 3187 1421 3257 vinum
1460 3190 1622 3258 vino
1659 3189 2026 3261 admiscere
2055 3218 2071 3261 ε
2114 3194 2450 3289 numquid
2499 3193 2760 3265 adulte-

607 3298 788 3367 rium
824 3294 957 3365 dici
993 3294 1127 3367 hoc
1172 3312 1422 3390 potest,
1462 3322 1681 3395 quum
1717 3298 1959 3397 lagena
1987 3317 2211 3373 vetere
2244 3319 2532 3374 castrata
2563 3328 2760 3375 succo

608 3430 843 3478 rursus
883 3404 1261 3501 completur
1298 3409 1520 3478 novo?
1556 3411 1778 3481 Etiam
1821 3410 1953 3480 hoc
1993 3411 2336 3502 Querolus
2372 3415 2625 3483 crimen
2665 3414 2761 3483 in-

611 3518 895 3613 dignum
938 3530 1171 3612 putat,
1213 3531 1285 3586 et
1315 3532 1393 3588 ut
1422 3532 1526 3588 est
1561 3520 1899 3615 nequitia,
1930 3523 2311 3616 suspicatur
2345 3524 2478 3594 hoc
2513 3525 2758 3594 statim.

610 3635 846 3723 Ipsum
890 3627 1091 3697 etiam
1141 3627 1469 3723 paxillum
1510 3633 1778 3725 argenti
1819 3631 2080 3705 levibus
2121 3649 2389 3706 tensum
2429 3636 2760 3731 tympanis

611 3737 834 3807 limari
870 3740 1412 3835 commutarique
1450 3765 1715 3836 semper
1749 3744 2002 3830 credit,
2053 3746 2216 3839 quia
2249 3746 2502 3817 factum
2538 3763 2638 3817 est
2675 3772 2762 3817 se·

613 3846 767 3917 mel.
800 3848 1151 3939 Quantula
1176 3863 1277 3919 est
1300 3865 1525 3921 autem
1561 3852 1920 3925 discretio?
1951 3858 2033 3925 In
2065 3870 2345 3951 argento
2377 3872 2556 3928 certe
2587 3880 2760 3926 unus

612 3971 716 4027 est
756 3956 945 4028 color
979 3984 997 4028 ε
1032 3983 1192 4030 nam
1220 3959 1303 4030 de
1336 3960 1567 4032 solidis
1594 3963 1943 4035 mutandis
1976 3962 2160 4034 mille
2193 3982 2353 4036 sunt
2383 3967 2758 4062 praestigia:

606 4066 863 4157 multa,
906 4086 1166 4141 remuta
1217 4070 1495 4143 facimus
1516 4128 1535 4162 ,
1571 4088 1639 4143 et
1679 4074 1811 4149 hoc
1855 4076 2110 4146 mutari·
2141 4102 2280 4146 non
2331 4092 2572 4173 potest.
2624 4080 2760 4147 Has

609 4177 845 4249 saltem
875 4176 1194 4275 distingui
1221 4207 1357 4251 non
1396 4190 1664 4277 oportet
1689 4200 1826 4255 tam
1853 4186 2170 4281 gemellas
2198 4186 2539 4260 formulas
2573 4188 2756 4277 Quid
