<?xml version="1.0" encoding="UTF-8"?>
<!DOCTYPE html PUBLIC "-//W3C//DTD XHTML 1.0 Transitional//EN"
    "http://www.w3.org/TR/xhtml1/DTD/xhtml1-transitional.dtd">
<html xmlns="http://www.w3.org/1999/xhtml" xml:lang="en" lang="en">
 <head>
  <title>
</title>
<meta http-equiv="Content-Type" content="text/html;charset=utf-8" />
  <meta name='ocr-system' content='tesseract 3.04.00' />
  <meta name='ocr-capabilities' content='ocr_page ocr_carea ocr_par ocr_line ocrx_word'/>
</head>
<body>
  <div class='ocr_page' id='page_1' title='image "./macciiplauticom00naudgoog_0619.png"; bbox 0 0 3067 5017; ppageno 0'>
   <div class='ocr_carea' id='block_1_1' title="bbox 1034 435 2403 512">
    <p class='ocr_par' dir='ltr' id='par_1_1' title="bbox 1034 435 2403 512">
     <span class='ocr_line' id='line_1_1' title="bbox 1034 435 2403 512; baseline 0.005 -8"><span class='ocrx_word' id='word_1_1' title='bbox 1034 435 1637 504; x_wconf 90' lang='lat' dir='ltr'><strong>EDITIONES.</strong></span> <span class='ocrx_word' id='word_1_2' title='bbox 2268 439 2353 510; x_wconf 85' lang='lat'>61</span> <span class='ocrx_word' id='word_1_3' title='bbox 2380 466 2403 512; x_wconf 85' lang='lat'>1</span> 
     </span>
    </p>
   </div>
   <div class='ocr_carea' id='block_1_2' title="bbox 239 554 2425 2022">
    <p class='ocr_par' dir='ltr' id='par_1_2' title="bbox 279 554 2416 858">
     <span class='ocr_line' id='line_1_2' title="bbox 373 554 2409 650; baseline 0 -22"><span class='ocrx_word' id='word_1_4' title='bbox 373 557 540 646; x_wconf 75' lang='lat'>1495</span> <span class='ocrx_word' id='word_1_5' title='bbox 581 559 830 622; x_wconf 86' lang='lat' dir='ltr'>Veneta</span> <span class='ocrx_word' id='word_1_6' title='bbox 873 557 936 620; x_wconf 92' lang='grc' dir='ltr'>ΙΙ</span> <span class='ocrx_word' id='word_1_7' title='bbox 958 604 976 638; x_wconf 93' lang='grc'>,</span> <span class='ocrx_word' id='word_1_8' title='bbox 1033 557 1214 637; x_wconf 86' lang='grc'>111-4,</span> <span class='ocrx_word' id='word_1_9' title='bbox 1254 554 1358 618; x_wconf 89' lang='lat' dir='ltr'>die</span> <span class='ocrx_word' id='word_1_10' title='bbox 1419 577 1585 620; x_wconf 80' lang='lat' dir='ltr'>xxm</span> <span class='ocrx_word' id='word_1_11' title='bbox 1645 558 2037 625; x_wconf 75' lang='lat' dir='ltr'><strong>novembris.</strong></span> <span class='ocrx_word' id='word_1_12' title='bbox 2086 562 2409 650; x_wconf 84' lang='lat' dir='ltr'><strong>Repetitio</strong></span> 
     </span>
     <span class='ocr_line' id='line_1_3' title="bbox 279 661 2416 774; baseline 0.001 -44"><span class='ocrx_word' id='word_1_13' title='bbox 279 668 510 750; x_wconf 82' lang='lat' dir='ltr'>prioris</span> <span class='ocrx_word' id='word_1_14' title='bbox 563 665 855 730; x_wconf 82' lang='lat' dir='ltr'>Scutarii.</span> <span class='ocrx_word' id='word_1_15' title='bbox 891 663 992 728; x_wconf 86' lang='lat' dir='ltr'>Cf.</span> <span class='ocrx_word' id='word_1_16' title='bbox 1027 664 1127 726; x_wconf 88' lang='lat' dir='ltr'>J0.</span> <span class='ocrx_word' id='word_1_17' title='bbox 1159 663 1277 724; x_wconf 88' lang='lat' dir='ltr'>Ph.</span> <span class='ocrx_word' id='word_1_18' title='bbox 1323 661 1595 726; x_wconf 86' lang='lat' dir='ltr'>Pareum</span> <span class='ocrx_word' id='word_1_19' title='bbox 1640 686 1706 750; x_wconf 89' lang='lat' dir='ltr'>p.</span> <span class='ocrx_word' id='word_1_20' title='bbox 1758 669 1836 748; x_wconf 86' lang='grc'>4,</span> <span class='ocrx_word' id='word_1_21' title='bbox 1893 667 2298 752; x_wconf 80' lang='lat' dir='ltr'>Fabricium,</span> <span class='ocrx_word' id='word_1_22' title='bbox 2351 689 2416 774; x_wconf 46' lang='lat' dir='ltr'>qt</span> 
     </span>
     <span class='ocr_line' id='line_1_4' title="bbox 279 766 1209 858; baseline -0.005 -22"><span class='ocrx_word' id='word_1_23' title='bbox 279 772 362 838; x_wconf 88' lang='lat' dir='ltr'>de</span> <span class='ocrx_word' id='word_1_24' title='bbox 397 775 568 835; x_wconf 76' lang='lat' dir='ltr'>Bure</span> <span class='ocrx_word' id='word_1_25' title='bbox 603 793 668 858; x_wconf 89' lang='lat' dir='ltr'>p.</span> <span class='ocrx_word' id='word_1_26' title='bbox 716 769 876 851; x_wconf 83' lang='lat'>116,</span> <span class='ocrx_word' id='word_1_27' title='bbox 913 790 980 831; x_wconf 91' lang='lat' dir='ltr'>n.</span> <span class='ocrx_word' id='word_1_28' title='bbox 1019 766 1209 832; x_wconf 83' lang='lat'><strong>2566.</strong></span> 
     </span>
    </p>

    <p class='ocr_par' dir='ltr' id='par_1_3' title="bbox 239 873 2413 1048">
     <span class='ocr_line' id='line_1_5' title="bbox 367 873 2413 956; baseline 0.003 -15"><span class='ocrx_word' id='word_1_29' title='bbox 367 901 420 942; x_wconf 74' lang='lat' dir='ltr'>s.</span> <span class='ocrx_word' id='word_1_30' title='bbox 451 901 509 942; x_wconf 81' lang='lat' dir='ltr'>a.</span> <span class='ocrx_word' id='word_1_31' title='bbox 561 877 833 956; x_wconf 85' lang='lat' dir='ltr'>Veneta,</span> <span class='ocrx_word' id='word_1_32' title='bbox 877 873 992 939; x_wconf 88' lang='lat' dir='ltr'>fol.</span> <span class='ocrx_word' id='word_1_33' title='bbox 1047 899 1198 940; x_wconf 90' lang='lat' dir='ltr'>cum</span> <span class='ocrx_word' id='word_1_34' title='bbox 1247 901 1480 942; x_wconf 83' lang='lat' dir='ltr'>comm.</span> <span class='ocrx_word' id='word_1_35' title='bbox 1535 879 1589 942; x_wconf 90' lang='lat' dir='ltr'>J.</span> <span class='ocrx_word' id='word_1_36' title='bbox 1642 875 1819 939; x_wconf 90' lang='lat' dir='ltr'>Petri</span> <span class='ocrx_word' id='word_1_37' title='bbox 1864 876 2057 941; x_wconf 85' lang='lat' dir='ltr'>Vallae</span> <span class='ocrx_word' id='word_1_38' title='bbox 2116 895 2183 944; x_wconf 88' lang='lat' dir='ltr'>et</span> <span class='ocrx_word' id='word_1_39' title='bbox 2228 884 2413 947; x_wconf 81' lang='lat' dir='ltr'>Bern.</span> 
     </span>
     <span class='ocr_line' id='line_1_6' title="bbox 239 971 598 1048; baseline -0.003 -1"><span class='ocrx_word' id='word_1_40' title='bbox 239 971 246 976; x_wconf 41' lang='lat'><strong>¹</strong></span> <span class='ocrx_word' id='word_1_41' title='bbox 278 982 598 1048; x_wconf 79' lang='lat' dir='ltr'><strong>Saraceni.</strong></span> 
     </span>
    </p>

    <p class='ocr_par' dir='ltr' id='par_1_4' title="bbox 279 1081 2419 1386">
     <span class='ocr_line' id='line_1_7' title="bbox 373 1081 2419 1172; baseline 0.003 -21"><span class='ocrx_word' id='word_1_42' title='bbox 373 1086 541 1172; x_wconf 88' lang='grc'>1498</span> <span class='ocrx_word' id='word_1_43' title='bbox 573 1086 840 1165; x_wconf 84' lang='lat' dir='ltr'>Veneta,</span> <span class='ocrx_word' id='word_1_44' title='bbox 873 1081 983 1150; x_wconf 79' lang='lat' dir='ltr'>sol.</span> <span class='ocrx_word' id='word_1_45' title='bbox 1019 1108 1079 1150; x_wconf 92' lang='lat' dir='ltr'>c.</span> <span class='ocrx_word' id='word_1_46' title='bbox 1113 1109 1177 1150; x_wconf 86' lang='lat' dir='ltr'>n.</span> <span class='ocrx_word' id='word_1_47' title='bbox 1203 1089 1380 1151; x_wconf 85' lang='lat' dir='ltr'>Petri</span> <span class='ocrx_word' id='word_1_48' title='bbox 1407 1089 1605 1152; x_wconf 83' lang='lat' dir='ltr'>Vallae</span> <span class='ocrx_word' id='word_1_49' title='bbox 1630 1101 1695 1149; x_wconf 86' lang='lat' dir='ltr'>et</span> <span class='ocrx_word' id='word_1_50' title='bbox 1718 1087 1787 1148; x_wconf 93' lang='lat' dir='ltr'>B.</span> <span class='ocrx_word' id='word_1_51' title='bbox 1812 1085 2134 1151; x_wconf 86' lang='lat' dir='ltr'><strong>Saraceni.</strong></span> <span class='ocrx_word' id='word_1_52' title='bbox 2162 1089 2419 1157; x_wconf 79' lang='lat' dir='ltr'>Memo-</span> 
     </span>
     <span class='ocr_line' id='line_1_8' title="bbox 279 1189 2419 1281; baseline 0.003 -25"><span class='ocrx_word' id='word_1_53' title='bbox 279 1207 460 1256; x_wconf 87' lang='lat' dir='ltr'>ratur</span> <span class='ocrx_word' id='word_1_54' title='bbox 506 1191 572 1254; x_wconf 84' lang='lat' dir='ltr'>in</span> <span class='ocrx_word' id='word_1_55' title='bbox 613 1193 750 1254; x_wconf 88' lang='lat' dir='ltr'>Cat.</span> <span class='ocrx_word' id='word_1_56' title='bbox 791 1190 955 1254; x_wconf 90' lang='lat' dir='ltr'>Bibl.</span> <span class='ocrx_word' id='word_1_57' title='bbox 1009 1193 1360 1281; x_wconf 86' lang='lat' dir='ltr'>Bigotianae</span> <span class='ocrx_word' id='word_1_58' title='bbox 1416 1192 1675 1281; x_wconf 88' lang='lat' dir='ltr'>publice</span> <span class='ocrx_word' id='word_1_59' title='bbox 1724 1189 2070 1254; x_wconf 87' lang='lat' dir='ltr'>divenditae</span> <span class='ocrx_word' id='word_1_60' title='bbox 2118 1193 2377 1264; x_wconf 88' lang='lat' dir='ltr'>Parisiis</span> <span class='ocrx_word' id='word_1_61' title='bbox 2400 1249 2419 1276; x_wconf 92' lang='lat'>‚</span> 
     </span>
     <span class='ocr_line' id='line_1_9' title="bbox 287 1298 1209 1386; baseline -0.001 -22"><span class='ocrx_word' id='word_1_62' title='bbox 287 1300 490 1386; x_wconf 84' lang='lat'>1706,</span> <span class='ocrx_word' id='word_1_63' title='bbox 525 1298 636 1363; x_wconf 86' lang='lat' dir='ltr'>fol.</span> <span class='ocrx_word' id='word_1_64' title='bbox 669 1319 732 1384; x_wconf 88' lang='lat' dir='ltr'>p.</span> <span class='ocrx_word' id='word_1_65' title='bbox 770 1300 878 1377; x_wconf 91' lang='grc'>41,</span> <span class='ocrx_word' id='word_1_66' title='bbox 913 1320 982 1361; x_wconf 87' lang='grc'>11.</span> <span class='ocrx_word' id='word_1_67' title='bbox 1021 1321 1209 1386; x_wconf 87' lang='lat'><strong>1720.</strong></span> 
     </span>
    </p>

    <p class='ocr_par' dir='ltr' id='par_1_5' title="bbox 276 1399 2425 2022">
     <span class='ocr_line' id='line_1_10' title="bbox 372 1399 2419 1493; baseline 0.002 -25"><span class='ocrx_word' id='word_1_68' title='bbox 372 1407 540 1488; x_wconf 86' lang='grc'>1499</span> <span class='ocrx_word' id='word_1_69' title='bbox 574 1403 824 1466; x_wconf 83' lang='lat' dir='ltr'>Veneta</span> <span class='ocrx_word' id='word_1_70' title='bbox 855 1403 988 1483; x_wconf 86' lang='lat'><strong>111,</strong></span> <span class='ocrx_word' id='word_1_71' title='bbox 1027 1403 1136 1468; x_wconf 87' lang='lat' dir='ltr'>fol.</span> <span class='ocrx_word' id='word_1_72' title='bbox 1169 1405 1480 1468; x_wconf 79' lang='lat' dir='ltr'>Plautinae</span> <span class='ocrx_word' id='word_1_73' title='bbox 1529 1404 1763 1493; x_wconf 84' lang='lat' dir='ltr'>viginti</span> <span class='ocrx_word' id='word_1_74' title='bbox 1816 1399 2163 1470; x_wconf 77' lang='lat' dir='ltr'>Comoediae</span> <span class='ocrx_word' id='word_1_75' title='bbox 2196 1429 2419 1473; x_wconf 90' lang='lat' dir='ltr'>emen-</span> 
     </span>
     <span class='ocr_line' id='line_1_11' title="bbox 278 1509 2420 1602; baseline 0.002 -28"><span class='ocrx_word' id='word_1_76' title='bbox 278 1510 658 1590; x_wconf 83' lang='lat' dir='ltr'>datissimae,</span> <span class='ocrx_word' id='word_1_77' title='bbox 692 1531 844 1572; x_wconf 88' lang='lat' dir='ltr'>cum</span> <span class='ocrx_word' id='word_1_78' title='bbox 867 1511 1339 1574; x_wconf 86' lang='lat' dir='ltr'>accuratissima</span> <span class='ocrx_word' id='word_1_79' title='bbox 1377 1534 1450 1600; x_wconf 83' lang='lat' dir='ltr'>ac</span> <span class='ocrx_word' id='word_1_80' title='bbox 1486 1509 1999 1573; x_wconf 89' lang='lat' dir='ltr'>luculentissima</span> <span class='ocrx_word' id='word_1_81' title='bbox 2034 1512 2420 1602; x_wconf 85' lang='lat' dir='ltr'>interpreta-</span> 
     </span>
     <span class='ocr_line' id='line_1_12' title="bbox 277 1614 2423 1684; baseline 0.003 -5"><span class='ocrx_word' id='word_1_82' title='bbox 277 1616 458 1680; x_wconf 83' lang='lat' dir='ltr'>tione</span> <span class='ocrx_word' id='word_1_83' title='bbox 487 1614 1011 1678; x_wconf 84' lang='lat' dir='ltr'><strong>doctissimorum</strong></span> <span class='ocrx_word' id='word_1_84' title='bbox 1035 1615 1324 1678; x_wconf 78' lang='lat' dir='ltr'>virorum</span> <span class='ocrx_word' id='word_1_85' title='bbox 1348 1616 1524 1680; x_wconf 84' lang='lat' dir='ltr'>Petri</span> <span class='ocrx_word' id='word_1_86' title='bbox 1558 1615 1753 1679; x_wconf 81' lang='lat' dir='ltr'>Vallae</span> <span class='ocrx_word' id='word_1_87' title='bbox 1789 1617 2141 1680; x_wconf 84' lang='lat' dir='ltr'>Placentini</span> <span class='ocrx_word' id='word_1_88' title='bbox 2174 1635 2239 1682; x_wconf 88' lang='lat' dir='ltr'>et</span> <span class='ocrx_word' id='word_1_89' title='bbox 2269 1623 2423 1684; x_wconf 88' lang='lat' dir='ltr'>Ber-</span> 
     </span>
     <span class='ocr_line' id='line_1_13' title="bbox 279 1719 2421 1810; baseline 0.004 -26"><span class='ocrx_word' id='word_1_90' title='bbox 279 1720 466 1784; x_wconf 84' lang='lat' dir='ltr'>nardi</span> <span class='ocrx_word' id='word_1_91' title='bbox 497 1719 791 1784; x_wconf 86' lang='lat' dir='ltr'>Saraceni</span> <span class='ocrx_word' id='word_1_92' title='bbox 823 1719 1076 1784; x_wconf 87' lang='lat' dir='ltr'>Veneti.</span> <span class='ocrx_word' id='word_1_93' title='bbox 1117 1722 1450 1810; x_wconf 85' lang='lat' dir='ltr'>Inscripsit</span> <span class='ocrx_word' id='word_1_94' title='bbox 1483 1743 1641 1784; x_wconf 88' lang='lat' dir='ltr'>vero</span> <span class='ocrx_word' id='word_1_95' title='bbox 1677 1722 1977 1785; x_wconf 85' lang='lat' dir='ltr'>Plautum</span> <span class='ocrx_word' id='word_1_96' title='bbox 2012 1745 2206 1786; x_wconf 91' lang='lat' dir='ltr'>suum</span> <span class='ocrx_word' id='word_1_97' title='bbox 2248 1727 2303 1789; x_wconf 81' lang='lat' dir='ltr'>J.</span> <span class='ocrx_word' id='word_1_98' title='bbox 2344 1729 2421 1794; x_wconf 90' lang='lat' dir='ltr'>P.</span> 
     </span>
     <span class='ocr_line' id='line_1_14' title="bbox 276 1825 2423 1914; baseline 0.002 -23"><span class='ocrx_word' id='word_1_99' title='bbox 276 1827 458 1891; x_wconf 88' lang='lat' dir='ltr'>Valla</span> <span class='ocrx_word' id='word_1_100' title='bbox 475 1827 724 1914; x_wconf 81' lang='lat' dir='ltr'>inclyto</span> <span class='ocrx_word' id='word_1_101' title='bbox 747 1825 824 1889; x_wconf 86' lang='lat' dir='ltr'>V.</span> <span class='ocrx_word' id='word_1_102' title='bbox 847 1826 902 1889; x_wconf 88' lang='lat' dir='ltr'>J.</span> <span class='ocrx_word' id='word_1_103' title='bbox 923 1827 1196 1890; x_wconf 90' lang='lat' dir='ltr'>Doctori</span> <span class='ocrx_word' id='word_1_104' title='bbox 1218 1827 1615 1892; x_wconf 84' lang='lat' dir='ltr'>Scaramuzae</span> <span class='ocrx_word' id='word_1_105' title='bbox 1639 1826 1931 1890; x_wconf 87' lang='lat' dir='ltr'>trivultio</span> <span class='ocrx_word' id='word_1_106' title='bbox 1956 1827 2423 1895; x_wconf 84' lang='lat' dir='ltr'>Mediolanensi</span> 
     </span>
     <span class='ocr_line' id='line_1_15' title="bbox 278 1931 2425 2022; baseline 0.002 -25"><span class='ocrx_word' id='word_1_107' title='bbox 278 1933 548 2022; x_wconf 84' lang='lat' dir='ltr'>patricio</span> <span class='ocrx_word' id='word_1_108' title='bbox 563 1931 886 2021; x_wconf 76' lang='lat' dir='ltr'>primario·</span> <span class='ocrx_word' id='word_1_109' title='bbox 903 1932 1056 2020; x_wconf 86' lang='lat' dir='ltr'>Epis</span> <span class='ocrx_word' id='word_1_110' title='bbox 1064 1933 1260 1997; x_wconf 90' lang='lat' dir='ltr'>tolam</span> <span class='ocrx_word' id='word_1_111' title='bbox 1288 1935 1620 2022; x_wconf 82' lang='lat' dir='ltr'>excipiunt</span> <span class='ocrx_word' id='word_1_112' title='bbox 1632 1933 1700 1996; x_wconf 89' lang='lat' dir='ltr'>in</span> <span class='ocrx_word' id='word_1_113' title='bbox 1718 1933 1871 1996; x_wconf 88' lang='lat' dir='ltr'>Plau</span> <span class='ocrx_word' id='word_1_114' title='bbox 1880 1934 2044 1998; x_wconf 88' lang='lat' dir='ltr'>tinas</span> <span class='ocrx_word' id='word_1_115' title='bbox 2060 1937 2425 2002; x_wconf 84' lang='lat' dir='ltr'>Comoedias</span> 
     </span>
    </p>
   </div>
   <div class='ocr_carea' id='block_1_3' title="bbox 170 2037 2425 2128">
    <p class='ocr_par' dir='ltr' id='par_1_6' title="bbox 170 2037 2425 2128">
     <span class='ocr_line' id='line_1_16' title="bbox 170 2037 2425 2128; baseline 0.003 -26"><span class='ocrx_word' id='word_1_116' title='bbox 170 2054 176 2060; x_wconf 85' lang='grc'><em>·</em></span> <span class='ocrx_word' id='word_1_117' title='bbox 276 2037 878 2126; x_wconf 86' lang='lat' dir='ltr'>interpretationes,</span> <span class='ocrx_word' id='word_1_118' title='bbox 929 2038 998 2100; x_wconf 87' lang='lat' dir='ltr'>in</span> <span class='ocrx_word' id='word_1_119' title='bbox 1035 2061 1311 2125; x_wconf 85' lang='lat' dir='ltr'>quarum</span> <span class='ocrx_word' id='word_1_120' title='bbox 1347 2039 1478 2103; x_wconf 89' lang='lat' dir='ltr'>fine</span> <span class='ocrx_word' id='word_1_121' title='bbox 1517 2039 1795 2127; x_wconf 83' lang='lat' dir='ltr'>legitur:</span> <span class='ocrx_word' id='word_1_122' title='bbox 1828 2041 2264 2128; x_wconf 79' lang='lat' dir='ltr'>«Impressum</span> <span class='ocrx_word' id='word_1_123' title='bbox 2301 2045 2425 2108; x_wconf 88' lang='lat' dir='ltr'>Ve-</span> 
     </span>
    </p>
   </div>
   <div class='ocr_carea' id='block_1_4' title="bbox 23 2891 27 3442">
    <p class='ocr_par' dir='ltr' id='par_1_7' title="bbox 23 2891 27 3442">
     <span class='ocr_line' id='line_1_17' title="bbox 23 2891 27 3442; baseline 0 0"><span class='ocrx_word' id='word_1_124' title='bbox 23 2891 27 3442; x_wconf 95' lang='lat' dir='ltr'> </span> 
     </span>
    </p>
   </div>
   <div class='ocr_carea' id='block_1_5' title="bbox 277 2144 2510 3714">
    <p class='ocr_par' dir='ltr' id='par_1_8' title="bbox 277 2144 2510 3714">
     <span class='ocr_line' id='line_1_18' title="bbox 278 2144 2425 2238; baseline 0.001 -26"><span class='ocrx_word' id='word_1_125' title='bbox 278 2146 470 2213; x_wconf 82' lang='lat' dir='ltr'>netiis</span> <span class='ocrx_word' id='word_1_126' title='bbox 506 2167 630 2208; x_wconf 66' lang='lat' dir='ltr'>aare</span> <span class='ocrx_word' id='word_1_127' title='bbox 659 2160 726 2208; x_wconf 86' lang='lat' dir='ltr'>et</span> <span class='ocrx_word' id='word_1_128' title='bbox 755 2145 1050 2232; x_wconf 85' lang='lat' dir='ltr'>impensa</span> <span class='ocrx_word' id='word_1_129' title='bbox 1085 2144 1322 2208; x_wconf 89' lang='lat' dir='ltr'>eruditi</span> <span class='ocrx_word' id='word_1_130' title='bbox 1341 2146 1464 2208; x_wconf 85' lang='lat' dir='ltr'>viri</span> <span class='ocrx_word' id='word_1_131' title='bbox 1495 2146 1699 2209; x_wconf 87' lang='lat' dir='ltr'>Marci</span> <span class='ocrx_word' id='word_1_132' title='bbox 1726 2147 2077 2212; x_wconf 78' lang='lat' dir='ltr'>Firmani.»</span> <span class='ocrx_word' id='word_1_133' title='bbox 2103 2151 2425 2238; x_wconf 74' lang='lat' dir='ltr'>interpre-</span> 
     </span>
     <span class='ocr_line' id='line_1_19' title="bbox 279 2250 2427 2340; baseline 0.002 -23"><span class='ocrx_word' id='word_1_134' title='bbox 279 2253 555 2317; x_wconf 86' lang='lat' dir='ltr'>tationes</span> <span class='ocrx_word' id='word_1_135' title='bbox 594 2250 790 2314; x_wconf 82' lang='lat' dir='ltr'>Vallae</span> <span class='ocrx_word' id='word_1_136' title='bbox 821 2251 1191 2337; x_wconf 85' lang='lat' dir='ltr'>insequitur</span> <span class='ocrx_word' id='word_1_137' title='bbox 1221 2250 1533 2314; x_wconf 87' lang='lat' dir='ltr'>Bernardi</span> <span class='ocrx_word' id='word_1_138' title='bbox 1567 2252 1864 2314; x_wconf 82' lang='lat' dir='ltr'>Saraceni</span> <span class='ocrx_word' id='word_1_139' title='bbox 1896 2276 1999 2340; x_wconf 92' lang='lat' dir='ltr'>ep.</span> <span class='ocrx_word' id='word_1_140' title='bbox 2034 2253 2427 2321; x_wconf 83' lang='lat' dir='ltr'>dedicatoria</span> 
     </span>
     <span class='ocr_line' id='line_1_20' title="bbox 280 2355 2510 2444; baseline 0.003 -24"><span class='ocrx_word' id='word_1_141' title='bbox 280 2357 360 2421; x_wconf 89' lang='lat' dir='ltr'>ad</span> <span class='ocrx_word' id='word_1_142' title='bbox 390 2359 617 2422; x_wconf 86' lang='lat' dir='ltr'>Franc.</span> <span class='ocrx_word' id='word_1_143' title='bbox 655 2357 1034 2420; x_wconf 82' lang='lat' dir='ltr'>Marcellum</span> <span class='ocrx_word' id='word_1_144' title='bbox 1068 2355 1444 2420; x_wconf 88' lang='lat' dir='ltr'>Pontificem</span> <span class='ocrx_word' id='word_1_145' title='bbox 1477 2356 1915 2444; x_wconf 85' lang='lat' dir='ltr'>Tragurinum</span> <span class='ocrx_word' id='word_1_146' title='bbox 1940 2355 1977 2438; x_wconf 73' lang='lat'>3&#39;</span> <span class='ocrx_word' id='word_1_147' title='bbox 2014 2381 2212 2444; x_wconf 89' lang='lat' dir='ltr'>quam</span> <span class='ocrx_word' id='word_1_148' title='bbox 2252 2363 2426 2426; x_wconf 78' lang='grc'>01101-</span> <span class='ocrx_word' id='word_1_149' title='bbox 2503 2360 2510 2367; x_wconf 72' lang='grc'><strong>’</strong></span> 
     </span>
     <span class='ocr_line' id='line_1_21' title="bbox 279 2461 2425 2552; baseline 0.002 -26"><span class='ocrx_word' id='word_1_150' title='bbox 279 2465 474 2552; x_wconf 87' lang='lat' dir='ltr'>piunt</span> <span class='ocrx_word' id='word_1_151' title='bbox 508 2463 646 2542; x_wconf 85' lang='lat' dir='ltr'>ejus</span> <span class='ocrx_word' id='word_1_152' title='bbox 680 2479 822 2526; x_wconf 89' lang='lat' dir='ltr'>tum</span> <span class='ocrx_word' id='word_1_153' title='bbox 849 2461 1332 2528; x_wconf 85' lang='lat' dir='ltr'>emendationes</span> <span class='ocrx_word' id='word_1_154' title='bbox 1369 2461 1438 2526; x_wconf 88' lang='lat' dir='ltr'>in</span> <span class='ocrx_word' id='word_1_155' title='bbox 1489 2461 1772 2550; x_wconf 88' lang='lat' dir='ltr'>singulas</span> <span class='ocrx_word' id='word_1_156' title='bbox 1815 2462 2145 2527; x_wconf 90' lang='lat' dir='ltr'>Plautinas</span> <span class='ocrx_word' id='word_1_157' title='bbox 2170 2469 2425 2531; x_wconf 88' lang='lat' dir='ltr'>Comoe-</span> 
     </span>
     <span class='ocr_line' id='line_1_22' title="bbox 280 2567 2425 2662; baseline 0.001 -28"><span class='ocrx_word' id='word_1_158' title='bbox 280 2570 449 2651; x_wconf 89' lang='lat' dir='ltr'>dias,</span> <span class='ocrx_word' id='word_1_159' title='bbox 481 2589 628 2656; x_wconf 85' lang='lat' dir='ltr'>quae</span> <span class='ocrx_word' id='word_1_160' title='bbox 646 2569 1068 2658; x_wconf 70' lang='lat' dir='ltr'>septingentae</span> <span class='ocrx_word' id='word_1_161' title='bbox 1086 2568 1292 2632; x_wconf 87' lang='lat' dir='ltr'>ferme</span> <span class='ocrx_word' id='word_1_162' title='bbox 1311 2585 1496 2650; x_wconf 81' lang='lat' dir='ltr'>sunt3</span> <span class='ocrx_word' id='word_1_163' title='bbox 1538 2568 1605 2630; x_wconf 91' lang='grc'>111</span> <span class='ocrx_word' id='word_1_164' title='bbox 1648 2567 1886 2654; x_wconf 91' lang='lat' dir='ltr'>quibus</span> <span class='ocrx_word' id='word_1_165' title='bbox 1917 2569 2104 2631; x_wconf 89' lang='lat' dir='ltr'>etiam</span> <span class='ocrx_word' id='word_1_166' title='bbox 2135 2573 2425 2662; x_wconf 87' lang='lat' dir='ltr'>castigati</span> 
     </span>
     <span class='ocr_line' id='line_1_23' title="bbox 281 2671 2425 2764; baseline 0.001 -25"><span class='ocrx_word' id='word_1_167' title='bbox 281 2691 436 2740; x_wconf 87' lang='lat' dir='ltr'>sunt</span> <span class='ocrx_word' id='word_1_168' title='bbox 463 2697 716 2738; x_wconf 85' lang='lat' dir='ltr'>errores</span> <span class='ocrx_word' id='word_1_169' title='bbox 738 2675 1282 2738; x_wconf 85' lang='lat' dir='ltr'>interlocutorum</span> <span class='ocrx_word' id='word_1_170' title='bbox 1318 2675 1452 2738; x_wconf 88' lang='lat' dir='ltr'>fere</span> <span class='ocrx_word' id='word_1_171' title='bbox 1478 2671 2130 2762; x_wconf 77' lang='lat' dir='ltr'>quadringentiztum</span> <span class='ocrx_word' id='word_1_172' title='bbox 2158 2676 2227 2738; x_wconf 90' lang='lat' dir='ltr'>in</span> <span class='ocrx_word' id='word_1_173' title='bbox 2257 2678 2425 2764; x_wconf 87' lang='lat' dir='ltr'>ipsas</span> 
     </span>
     <span class='ocr_line' id='line_1_24' title="bbox 281 2778 2425 2867; baseline 0 -22"><span class='ocrx_word' id='word_1_174' title='bbox 281 2781 612 2846; x_wconf 85' lang='lat' dir='ltr'>Plautinas</span> <span class='ocrx_word' id='word_1_175' title='bbox 647 2780 830 2844; x_wconf 88' lang='lat' dir='ltr'>Com.</span> <span class='ocrx_word' id='word_1_176' title='bbox 864 2778 1350 2844; x_wconf 88' lang='lat' dir='ltr'>emendationes</span> <span class='ocrx_word' id='word_1_177' title='bbox 1384 2797 1447 2842; x_wconf 89' lang='lat' dir='ltr'>et</span> <span class='ocrx_word' id='word_1_178' title='bbox 1480 2779 1947 2859; x_wconf 75' lang='lat' dir='ltr'>enarrationeS,</span> <span class='ocrx_word' id='word_1_179' title='bbox 1994 2779 2115 2842; x_wconf 85' lang='lat' dir='ltr'>illae</span> <span class='ocrx_word' id='word_1_180' title='bbox 2156 2780 2425 2867; x_wconf 86' lang='lat' dir='ltr'>quidem</span> 
     </span>
     <span class='ocr_line' id='line_1_25' title="bbox 277 2883 2426 2976; baseline 0.001 -25"><span class='ocrx_word' id='word_1_181' title='bbox 277 2888 350 2952; x_wconf 85' lang='lat' dir='ltr'>in</span> <span class='ocrx_word' id='word_1_182' title='bbox 375 2887 668 2976; x_wconf 88' lang='lat' dir='ltr'>margine</span> <span class='ocrx_word' id='word_1_183' title='bbox 685 2934 703 2967; x_wconf 88' lang='lat'>‚</span> <span class='ocrx_word' id='word_1_184' title='bbox 722 2886 822 2950; x_wconf 83' lang='lat' dir='ltr'>hae</span> <span class='ocrx_word' id='word_1_185' title='bbox 841 2885 966 2950; x_wconf 88' lang='lat' dir='ltr'>sub</span> <span class='ocrx_word' id='word_1_186' title='bbox 987 2901 1192 2950; x_wconf 84' lang='lat' dir='ltr'>textu.</span> <span class='ocrx_word' id='word_1_187' title='bbox 1227 2884 1520 2949; x_wconf 88' lang='lat' dir='ltr'>Tandem</span> <span class='ocrx_word' id='word_1_188' title='bbox 1550 2885 1617 2947; x_wconf 92' lang='lat' dir='ltr'>in</span> <span class='ocrx_word' id='word_1_189' title='bbox 1650 2883 1781 2948; x_wconf 88' lang='lat' dir='ltr'>fine</span> <span class='ocrx_word' id='word_1_190' title='bbox 1805 2885 2077 2972; x_wconf 86' lang='lat' dir='ltr'>legitur:</span> <span class='ocrx_word' id='word_1_191' title='bbox 2106 2889 2426 2976; x_wconf 74' lang='lat' dir='ltr'>«Impres-</span> 
     </span>
     <span class='ocr_line' id='line_1_26' title="bbox 283 2989 2431 3081; baseline 0.001 -25"><span class='ocrx_word' id='word_1_192' title='bbox 283 3017 429 3056; x_wconf 87' lang='lat' dir='ltr'>sum</span> <span class='ocrx_word' id='word_1_193' title='bbox 444 2993 730 3056; x_wconf 87' lang='lat' dir='ltr'>Venetiis</span> <span class='ocrx_word' id='word_1_194' title='bbox 752 3015 870 3080; x_wconf 91' lang='lat' dir='ltr'>per</span> <span class='ocrx_word' id='word_1_195' title='bbox 898 2991 1230 3056; x_wconf 85' lang='lat' dir='ltr'>Simonem</span> <span class='ocrx_word' id='word_1_196' title='bbox 1258 2991 1643 3078; x_wconf 88' lang='lat' dir='ltr'>Papiensem</span> <span class='ocrx_word' id='word_1_197' title='bbox 1664 3039 1681 3072; x_wconf 91' lang='lat'>‚</span> <span class='ocrx_word' id='word_1_198' title='bbox 1704 2989 1951 3054; x_wconf 90' lang='lat' dir='ltr'>dictum</span> <span class='ocrx_word' id='word_1_199' title='bbox 1976 2992 2305 3081; x_wconf 86' lang='lat' dir='ltr'>Bivilaqua</span> <span class='ocrx_word' id='word_1_200' title='bbox 2322 3042 2340 3075; x_wconf 88' lang='lat'>,</span> <span class='ocrx_word' id='word_1_201' title='bbox 2365 3011 2431 3058; x_wconf 89' lang='lat' dir='ltr'>et</span> 
     </span>
     <span class='ocr_line' id='line_1_27' title="bbox 283 3096 2427 3188; baseline 0.001 -26"><span class='ocrx_word' id='word_1_202' title='bbox 283 3121 542 3163; x_wconf 88' lang='lat' dir='ltr'>summa</span> <span class='ocrx_word' id='word_1_203' title='bbox 575 3097 904 3188; x_wconf 83' lang='lat' dir='ltr'>diligentia</span> <span class='ocrx_word' id='word_1_204' title='bbox 935 3096 1352 3162; x_wconf 89' lang='lat' dir='ltr'>emendatum</span> <span class='ocrx_word' id='word_1_205' title='bbox 1385 3113 1459 3160; x_wconf 91' lang='lat' dir='ltr'>ut</span> <span class='ocrx_word' id='word_1_206' title='bbox 1494 3119 1571 3160; x_wconf 80' lang='lat' dir='ltr'>ex</span> <span class='ocrx_word' id='word_1_207' title='bbox 1605 3097 1948 3184; x_wconf 88' lang='lat' dir='ltr'>postremis</span> <span class='ocrx_word' id='word_1_208' title='bbox 1989 3099 2427 3188; x_wconf 84' lang='lat' dir='ltr'>castigationi-</span> 
     </span>
     <span class='ocr_line' id='line_1_28' title="bbox 283 3203 2429 3292; baseline 0.002 -25"><span class='ocrx_word' id='word_1_209' title='bbox 283 3203 407 3268; x_wconf 85' lang='lat' dir='ltr'>bus</span> <span class='ocrx_word' id='word_1_210' title='bbox 453 3205 718 3292; x_wconf 87' lang='lat' dir='ltr'>patebit.</span> <span class='ocrx_word' id='word_1_211' title='bbox 766 3206 960 3268; x_wconf 88' lang='lat' dir='ltr'>Anno</span> <span class='ocrx_word' id='word_1_212' title='bbox 999 3203 1417 3268; x_wconf 84' lang='lat' dir='ltr'>humanitatis</span> <span class='ocrx_word' id='word_1_213' title='bbox 1455 3203 1691 3266; x_wconf 90' lang='lat' dir='ltr'>Christi</span> <span class='ocrx_word' id='word_1_214' title='bbox 1726 3203 2162 3287; x_wconf 84' lang='lat' dir='ltr'>MCDXCIX,</span> <span class='ocrx_word' id='word_1_215' title='bbox 2197 3230 2279 3270; x_wconf 85' lang='lat' dir='ltr'>xv</span> <span class='ocrx_word' id='word_1_216' title='bbox 2315 3208 2429 3272; x_wconf 87' lang='lat' dir='ltr'>ka-</span> 
     </span>
     <span class='ocr_line' id='line_1_29' title="bbox 283 3307 2428 3398; baseline 0.003 -25"><span class='ocrx_word' id='word_1_217' title='bbox 283 3310 506 3378; x_wconf 80' lang='lat' dir='ltr'>lendas</span> <span class='ocrx_word' id='word_1_218' title='bbox 539 3308 858 3374; x_wconf 85' lang='lat' dir='ltr'>octobres.</span> <span class='ocrx_word' id='word_1_219' title='bbox 889 3311 1196 3375; x_wconf 74' lang='lat' dir='ltr'>SereniSS.</span> <span class='ocrx_word' id='word_1_220' title='bbox 1231 3309 1599 3398; x_wconf 84' lang='lat' dir='ltr'>Augustino</span> <span class='ocrx_word' id='word_1_221' title='bbox 1638 3307 2428 3380; x_wconf 86' lang='lat' dir='ltr'>Barbadico.Venetorum</span> 
     </span>
     <span class='ocr_line' id='line_1_30' title="bbox 284 3415 2433 3504; baseline 0.002 -25"><span class='ocrx_word' id='word_1_222' title='bbox 284 3417 468 3480; x_wconf 85' lang='lat' dir='ltr'>Duce</span> <span class='ocrx_word' id='word_1_223' title='bbox 485 3417 864 3504; x_wconf 89' lang='lat' dir='ltr'>imperante.</span> <span class='ocrx_word' id='word_1_224' title='bbox 883 3447 908 3472; x_wconf 72' lang='grc' dir='ltr'>ι»</span> <span class='ocrx_word' id='word_1_225' title='bbox 933 3416 1385 3496; x_wconf 88' lang='lat' dir='ltr'>Subjiciuntur</span> <span class='ocrx_word' id='word_1_226' title='bbox 1410 3415 1873 3503; x_wconf 83' lang='lat' dir='ltr'>epigrammata</span> <span class='ocrx_word' id='word_1_227' title='bbox 1895 3416 2149 3480; x_wconf 91' lang='lat' dir='ltr'>Domici</span> <span class='ocrx_word' id='word_1_228' title='bbox 2167 3417 2433 3484; x_wconf 68' lang='lat' dir='ltr'>&#39;Palladii</span> 
     </span>
     <span class='ocr_line' id='line_1_31' title="bbox 286 3519 2434 3608; baseline 0.002 -22"><span class='ocrx_word' id='word_1_229' title='bbox 286 3521 518 3586; x_wconf 86' lang='lat' dir='ltr'>Sorani</span> <span class='ocrx_word' id='word_1_230' title='bbox 561 3520 644 3585; x_wconf 89' lang='lat' dir='ltr'>ad</span> <span class='ocrx_word' id='word_1_231' title='bbox 690 3523 880 3586; x_wconf 85' lang='lat' dir='ltr'>Bern.</span> <span class='ocrx_word' id='word_1_232' title='bbox 917 3521 1212 3585; x_wconf 77' lang='lat' dir='ltr'>Saracen.</span> <span class='ocrx_word' id='word_1_233' title='bbox 1249 3520 1464 3584; x_wconf 88' lang='lat' dir='ltr'>Plauti</span> <span class='ocrx_word' id='word_1_234' title='bbox 1495 3520 1919 3608; x_wconf 84' lang='lat' dir='ltr'>interpretem</span> <span class='ocrx_word' id='word_1_235' title='bbox 1946 3519 2331 3587; x_wconf 71' lang='lat' dir='ltr'>fidissimum</span> <span class='ocrx_word' id='word_1_236' title='bbox 2368 3545 2434 3591; x_wconf 90' lang='lat' dir='ltr'>et</span> 
     </span>
     <span class='ocr_line' id='line_1_32' title="bbox 286 3624 2432 3714; baseline 0.002 -22"><span class='ocrx_word' id='word_1_237' title='bbox 286 3627 371 3692; x_wconf 88' lang='lat' dir='ltr'>de</span> <span class='ocrx_word' id='word_1_238' title='bbox 419 3628 642 3692; x_wconf 86' lang='lat' dir='ltr'>Marco</span> <span class='ocrx_word' id='word_1_239' title='bbox 693 3627 996 3691; x_wconf 88' lang='lat' dir='ltr'>Firmano</span> <span class='ocrx_word' id='word_1_240' title='bbox 1038 3649 1052 3691; x_wconf 73' lang='grc' dir='ltr'>ε</span> <span class='ocrx_word' id='word_1_241' title='bbox 1099 3644 1242 3689; x_wconf 85' lang='grc'>111111</span> <span class='ocrx_word' id='word_1_242' title='bbox 1285 3627 1689 3714; x_wconf 86' lang='lat' dir='ltr'>Registrum,</span> <span class='ocrx_word' id='word_1_243' title='bbox 1744 3624 1895 3689; x_wconf 86' lang='lat' dir='ltr'>dein</span> <span class='ocrx_word' id='word_1_244' title='bbox 1948 3627 2432 3696; x_wconf 87' lang='lat' dir='ltr'>emendationes</span> 
     </span>
    </p>
   </div>
   <div class='ocr_carea' id='block_1_6' title="bbox 285 3717 2487 3923">
    <p class='ocr_par' dir='ltr' id='par_1_9' title="bbox 285 3717 2487 3923">
     <span class='ocr_line' id='line_1_33' title="bbox 285 3717 2487 3822; baseline 0.001 -25"><span class='ocrx_word' id='word_1_245' title='bbox 285 3748 630 3822; x_wconf 84' lang='lat' dir='ltr'>postremae</span> <span class='ocrx_word' id='word_1_246' title='bbox 663 3754 678 3795; x_wconf 73' lang='grc' dir='ltr'><strong><em>ε</em></strong></span> <span class='ocrx_word' id='word_1_247' title='bbox 703 3761 728 3786; x_wconf 74' lang='grc' dir='ltr'><strong>α</strong></span> <span class='ocrx_word' id='word_1_248' title='bbox 751 3732 978 3795; x_wconf 87' lang='lat' dir='ltr'>Paucis</span> <span class='ocrx_word' id='word_1_249' title='bbox 1008 3731 1448 3819; x_wconf 85' lang='lat' dir='ltr'>praetermissis</span> <span class='ocrx_word' id='word_1_250' title='bbox 1471 3731 1539 3792; x_wconf 90' lang='lat' dir='ltr'>in</span> <span class='ocrx_word' id='word_1_251' title='bbox 1568 3730 1807 3817; x_wconf 84' lang='lat' dir='ltr'>quibus</span> <span class='ocrx_word' id='word_1_252' title='bbox 1834 3747 1948 3794; x_wconf 91' lang='lat' dir='ltr'>aut</span> <span class='ocrx_word' id='word_1_253' title='bbox 1976 3729 2157 3795; x_wconf 88' lang='lat' dir='ltr'>deest</span> <span class='ocrx_word' id='word_1_254' title='bbox 2192 3752 2305 3798; x_wconf 88' lang='lat' dir='ltr'>aut</span> <span class='ocrx_word' id='word_1_255' title='bbox 2332 3760 2436 3801; x_wconf 89' lang='lat' dir='ltr'>su·</span> <span class='ocrx_word' id='word_1_256' title='bbox 2482 3717 2487 3722; x_wconf 28' lang='lat'><strong>⁴</strong></span> 
     </span>
     <span class='ocr_line' id='line_1_34' title="bbox 285 3831 2435 3923; baseline 0.002 -25"><span class='ocrx_word' id='word_1_257' title='bbox 285 3850 505 3923; x_wconf 83' lang='lat' dir='ltr'>percst</span> <span class='ocrx_word' id='word_1_258' title='bbox 519 3833 966 3922; x_wconf 84' lang='lat' dir='ltr'>diphthongus</span> <span class='ocrx_word' id='word_1_259' title='bbox 988 3855 1002 3896; x_wconf 90' lang='lat'><strong>:</strong></span> <span class='ocrx_word' id='word_1_260' title='bbox 1021 3831 1123 3897; x_wconf 84' lang='lat' dir='ltr'>vel</span> <span class='ocrx_word' id='word_1_261' title='bbox 1142 3833 1570 3918; x_wconf 83' lang='lat' dir='ltr'>interpunctis</span> <span class='ocrx_word' id='word_1_262' title='bbox 1588 3854 1721 3894; x_wconf 92' lang='lat' dir='ltr'>non</span> <span class='ocrx_word' id='word_1_263' title='bbox 1738 3832 1861 3894; x_wconf 89' lang='lat' dir='ltr'>erit</span> <span class='ocrx_word' id='word_1_264' title='bbox 1879 3833 2224 3897; x_wconf 86' lang='lat' dir='ltr'>commode</span> <span class='ocrx_word' id='word_1_265' title='bbox 2243 3837 2435 3904; x_wconf 90' lang='lat' dir='ltr'>lectio</span> 
     </span>
    </p>
   </div>
   <div class='ocr_carea' id='block_1_7' title="bbox 289 3936 2534 4244">
    <p class='ocr_par' dir='ltr' id='par_1_10' title="bbox 289 3936 2534 4244">
     <span class='ocr_line' id='line_1_35' title="bbox 289 3936 2438 4029; baseline 0.001 -25"><span class='ocrx_word' id='word_1_266' title='bbox 289 3942 538 4029; x_wconf 86' lang='lat' dir='ltr'>signata</span> <span class='ocrx_word' id='word_1_267' title='bbox 571 3963 587 4004; x_wconf 87' lang='lat'>:</span> <span class='ocrx_word' id='word_1_268' title='bbox 629 3955 838 4002; x_wconf 84' lang='lat' dir='ltr'>errata</span> <span class='ocrx_word' id='word_1_269' title='bbox 881 3937 1128 4025; x_wconf 88' lang='lat' dir='ltr'>reliqua</span> <span class='ocrx_word' id='word_1_270' title='bbox 1177 3939 1267 4000; x_wconf 89' lang='lat' dir='ltr'>sic</span> <span class='ocrx_word' id='word_1_271' title='bbox 1306 3936 1786 4002; x_wconf 89' lang='lat' dir='ltr'>emendentur:</span> <span class='ocrx_word' id='word_1_272' title='bbox 1826 3954 1891 4001; x_wconf 87' lang='lat' dir='ltr'>et</span> <span class='ocrx_word' id='word_1_273' title='bbox 1920 3937 1969 4000; x_wconf 90' lang='lat' dir='ltr'>si</span> <span class='ocrx_word' id='word_1_274' title='bbox 2009 3938 2332 4006; x_wconf 83' lang='lat' dir='ltr'>solertiam</span> <span class='ocrx_word' id='word_1_275' title='bbox 2372 3965 2438 4011; x_wconf 83' lang='lat' dir='ltr'>et</span> 
     </span>
     <span class='ocr_line' id='line_1_36' title="bbox 292 4042 2484 4134; baseline 0.004 -26"><span class='ocrx_word' id='word_1_276' title='bbox 292 4042 690 4134; x_wconf 86' lang='lat' dir='ltr'>diligentiam</span> <span class='ocrx_word' id='word_1_277' title='bbox 713 4044 1117 4132; x_wconf 89' lang='lat' dir='ltr'>impressoris</span> <span class='ocrx_word' id='word_1_278' title='bbox 1137 4043 1354 4107; x_wconf 86' lang='lat' dir='ltr'>nullus</span> <span class='ocrx_word' id='word_1_279' title='bbox 1383 4044 1466 4107; x_wconf 86' lang='lat' dir='ltr'>sit</span> <span class='ocrx_word' id='word_1_280' title='bbox 1483 4042 1595 4130; x_wconf 81' lang='lat' dir='ltr'>qui</span> <span class='ocrx_word' id='word_1_281' title='bbox 1616 4042 1825 4128; x_wconf 87' lang='lat' dir='ltr'>possit</span> <span class='ocrx_word' id='word_1_282' title='bbox 1850 4043 2238 4132; x_wconf 81' lang='lat' dir='ltr'>improbare.</span> <span class='ocrx_word' id='word_1_283' title='bbox 2271 4051 2436 4133; x_wconf 84' lang='lat' dir='ltr'>Quae</span> <span class='ocrx_word' id='word_1_284' title='bbox 2480 4120 2484 4134; x_wconf 65' lang='lat'>‚</span> 
     </span>
     <span class='ocr_line' id='line_1_37' title="bbox 293 4147 2534 4244; baseline 0.004 -30"><span class='ocrx_word' id='word_1_285' title='bbox 293 4167 507 4215; x_wconf 87' lang='lat' dir='ltr'>tamen</span> <span class='ocrx_word' id='word_1_286' title='bbox 541 4164 742 4214; x_wconf 88' lang='lat' dir='ltr'>errata</span> <span class='ocrx_word' id='word_1_287' title='bbox 777 4150 846 4213; x_wconf 90' lang='lat' dir='ltr'>in</span> <span class='ocrx_word' id='word_1_288' title='bbox 885 4149 1209 4236; x_wconf 87' lang='lat' dir='ltr'>aliquibus</span> <span class='ocrx_word' id='word_1_289' title='bbox 1243 4147 1512 4212; x_wconf 85' lang='lat' dir='ltr'>fuerunt</span> <span class='ocrx_word' id='word_1_290' title='bbox 1546 4147 1951 4244; x_wconf 82' lang='lat' dir='ltr'>emendata».</span> <span class='ocrx_word' id='word_1_291' title='bbox 1980 4188 2068 4199; x_wconf 88' lang='lat'>—-</span> <span class='ocrx_word' id='word_1_292' title='bbox 2098 4153 2437 4244; x_wconf 88' lang='lat' dir='ltr'>Conspirat</span> <span class='ocrx_word' id='word_1_293' title='bbox 2531 4230 2534 4233; x_wconf 49' lang='grc'>,</span> 
     </span>
    </p>
   </div>
   <div class='ocr_carea' id='block_1_8' title="bbox 2026 4257 2137 4354">
    <p class='ocr_par' dir='ltr' id='par_1_11' title="bbox 2026 4257 2137 4354">
     <span class='ocr_line' id='line_1_38' title="bbox 2026 4257 2137 4354; baseline -0.009 -26"><span class='ocrx_word' id='word_1_294' title='bbox 2026 4257 2137 4354; x_wconf 83' lang='grc'>39.</span> 
     </span>
    </p>
   </div>
  </div>
 </body>
</html>
