3067 5017
566 457 610 527 8
1343 444 1923 531 PROLOGUS

557 584 646 651 Et
677 582 808 651 hoc
834 606 1101 675 quoque
1136 582 1371 670 etiam,
1409 583 1591 677 quod
1630 609 1819 678 paene
1852 581 2102 653 oblitus
2146 584 2285 653 fui:

559 696 748 762 Dum
786 689 929 760 ludi
971 690 1293 778 fiunt,.in
1336 694 1695 786 popinam,
1729 694 2117 788 pedisequi,

560 801 1033 896 Inruptionem
1067 801 1301 887 facite3
1337 828 1520 873 nunc
1558 803 1719 873 dum
1764 805 2034 874 obcasio
2056 803 2173 891 'st,

563 915 764 985 Nunc
797 913 961 982 dum
1003 912 1339 983 scribilitae
1375 927 1697 997 aestuant,
1731 915 2094 984 obcurrite.

557 1026 720 1093 Haec
771 1024 1074 1117 inperata
1109 1048 1256 1117 quae
1297 1038 1452 1092 sunt
1490 1049 1617 1118 pro
1650 1026 1917 1120 inperio·
1950 1026 2264 1111 histrico,

560 1138 865 1221 Bonum,
891 1132 1152 1220 hercle,
1179 1133 1470 1220 factum,
1504 1158 1632 1228 pro
1670 1161 1737 1204 se
1778 1138 2063 1230 quisque
2099 1152 2178 1207 ut
2208 1134 2605 1205 meminerit.
2654 1154 2713 1195 ⁴⁵

489 1322 492 1325 ,
560 1245 671 1315 Ad
710 1258 1182 1340 argumentum
1227 1270 1410 1315 nunc
1453 1245 1812 1315 vicissatim
1850 1246 2005 1317 volo

561 1356 988 1451 Remigrare,
1021 1379 1207 1449 aeque
1242 1370 1319 1425 ut
1361 1380 1626 1425 mecum
1663 1358 1805 1426 sitis
1838 1382 2185 1451 gnarures.

501 1498 507 1509 .
559 1463 724 1559 Ejus
759 1490 941 1534 nunc
978 1466 1316 1560 regioneS,
1358 1463 1643 1552 limites,

1686 1466 1978 1537 confinia

561 1576 1086 1664 Determinab03
1127 1577 1188 1646 ei
1226 1576 1324 1643 rei
1359 1600 1484 1669 ego
1526 1601 1675 1645 sum
1718 1576 1935 1647 sactus
1974 1576 2222 1646 finitor.

561 1686 696 1756 Sed
729 1687 858 1755 nisi
895 1686 1250 1756 molestum
1264 1686 1380 1771 'st,
1420 1711 1667 1755 nomen
1712 1688 1871 1755 dare
1910 1688 2103 1755 vobis
2138 1686 2293 1756 volo

563 1796 941 1867 Comoediai
974 1823 989 1863 :
1024 1795 1488 1867 sinodio’st...
1509 1797 1726 1867 dicam
1767 1813 1991 1867 tamen
2012 1851 2031 1884 ‚

564 1904 913 2000 Siquidem
952 1903 1178 1974 licebit
1216 1930 1336 2000 per
1376 1905 1560 1995 illos,
1603 1908 1849 2002 quibus
1893 1924 1993 1977 est
2032 1910 2101 1977 in
2141 1932 2369 1977 manu.

567 2015 1072 2086 Carchedonius
1106 2032 1385 2086 vocatur
1419 2016 1564 2086 haec
1591 2018 1957 2105 comoedia,

567 2126 812 2196 Latine
838 2124 1148 2195 Plautus:
1187 2128 1476 2196 Patruus
1511 2126 2126 2223 pultiphagonides.

599 2280 604 2285 ’
653 2285 748 2351 43.
773 2284 1052 2337 Scribilc'coe.
1083 2283 1334 2337 Scribiltta
1368 2286 1456 2338 vel
1481 2290 1602 2339 scri-

570 2366 724 2427 blica,
755 2384 925 2436 genus
958 2365 1236 2435 placentae.
1272 2364 1504 2417 Scrible'ea
1535 2384 1601 2418 eo

571 2447 797 2499 fortasse
839 2444 1106 2516 appellata
1159 2458 1268 2511 est,
1315 2442 1463 2516 quod
1505 2446 1603 2516 qui

571 2544 692 2579 eam
718 2524 877 2595 fingit
897 2564 914 2591 ,
955 2537 1206 2595 tanquam
1248 2524 1438 2578 scribit
1464 2543 1478 2578 τ
1513 2537 1607 2577 aut

573 2603 730 2677 quod
746 2616 882 2657 esset
909 2604 1050 2657 notis
1077 2603 1398 2675 quibusdam
1429 2603 1605 2674 signa-

571 2700 626 2739 ta
645 2724 660 2752 ‚
690 2697 745 2737 et
784 2695 1042 2755 tanquam
1083 2685 1281 2755 scripta
1311 2682 1605 2737 videretur.

575 2766 762 2818 Tuan.

662 2850 756 2908 44.
779 2844 880 2897 Pro
900 2846 1102 2913 inperia
1120 2844 1316 2913 Amph.
1343 2844 1487 2897 Prol.
1509 2863 1536 2897 a
1554 2862 1601 2897 ι.

661 2924 756 2987 45.
775 2924 966 2976 Bonum
984 2963 1001 2987 ,
1031 2935 1134 2976 ete.
1159 2921 1294 2974 Vid.
1324 2942 1402 2975 vs.
1432 2923 1523 2977 15.

663 3010 758 3073 47.
799 3003 1066 3057 Gerar-ures.
1095 3002 1278 3072 Vulgo
1317 3006 1572 3072 ignarum-5
1590 3029 1615 3066 ,»

581 3081 732 3156 quod
753 3082 830 3135 sic
861 3082 1087 3153 explicat
1110 3082 1396 3135 Turnebus
1418 3100 1431 3135 τ
1454 3081 1627 3157 Istud·

581 3168 834 3233 ignat-ures
862 3156 1247 3231 ἀπροσδιόνυσον
1271 3162 1442 3215 risum
1469 3162 1614 3215 exci-

581 3243 743 3308 tavit,
773 3260 944 3313 quum
989 3241 1317 3293 contrarium
1369 3242 1482 3312 ejus
1517 3259 1611 3295 ex·

583 3334 847 3394 spectaret
865 3321 1120 3393 populus.
1134 3320 1204 3372 Et
1221 3339 1408 3373 verum
1434 3333 1613 3375 tamen

583 3402 724 3455 dixit
750 3418 764 3453 ε
801 3419 928 3454 nam
956 3418 1082 3451 sane
1113 3418 1220 3451 non
1249 3400 1425 3452 minus
1455 3400 1614 3470 igno·

585 3483 740 3536 rabat
770 3480 1044 3551 regiones,
1091 3478 1317 3544 limites,
1353 3479 1613 3547 confinia,

586 3578 748 3633 quam
777 3558 1142 3629 ignarissimus
1173 3558 1242 3611 de
1267 3560 1496 3629 populo.
1525 3560 1611 3613 Cf.

585 3638 822 3693 Mostell.
846 3640 873 3691 Ι
891 3678 905 3702 ,
933 3656 990 3698 2,
1024 3656 1110 3707 17.
1144 3638 1406 3707 [gnarures
1437 3640 1616 3693 turbat

583 3729 818 3773 metrum
864 3730 946 3781 et,
989 3717 1143 3769 venia
1177 3718 1420 3771 Turnebi
1463 3717 1610 3771 dixe·

585 3800 689 3853 rim
709 3837 726 3862 ‚
745 3797 1084 3851 sententiam.
1103 3798 1176 3850 N.

668 3884 701 3942 4
711 3880 742 3932 8
751 3916 765 3931 .
787 3878 834 3929 E
835 3879 930 3941 ius,
945 3876 1245 3948 argumenti
1255 3895 1274 3943 ς
1301 3876 1389 3932 eni
1397 3876 1502 3948 psis
1513 3896 1615 3949 pro

595 3985 617 4008 ι
647 3951 892 4028 regiones
931 3957 988 4009 in
1029 3956 1226 4027 quibus
1266 3956 1442 4010 fabula
1473 3958 1616 4027 geri·

493 4051 510 4061 ⁵
585 4052 698 4104 tur,
709 4039 793 4109 cuj
800 4056 859 4089 us
871 4050 1245 4107 argumentum
1262 4034 1545 4106 edisseram
1563 4062 1586 4084 ι
1597 4077 1612 4091 .

671 4124 764 4185 49.
779 4116 990 4169 Finitor.
1007 4116 1217 4169 Dicitur
1245 4116 1464 4187 proprie
1485 4116 1611 4188 qui,

589 4195 797 4251 colonia
841 4195 1072 4250 deducta
1094 4234 1110 4262 ,
1158 4196 1294 4269 agris
1337 4196 1394 4249 in
1444 4214 1613 4250 novos

1691 2288 1917 2340 colonos
1944 2286 2125 2339 divisis
2151 2298 2206 2339 et
2245 2285 2560 2357 adsignatis,
2584 2285 2717 2340 fines

1692 2368 1983 2421 constituit.
2016 2366 2110 2419 Sic
2144 2380 2198 2419 et
2232 2366 2347 2420 Cic.
2386 2367 2537 2420 Orat.
2563 2367 2620 2419 11
2648 2364 2721 2419 de

1692 2448 1809 2517 lege
1852 2466 2021 2518 agi-ar.
2070 2472 2093 2494 ι
2128 2446 2423 2499 Finitorem
2468 2447 2718 2510 mittant,

1693 2540 1871 2579 ratum
1898 2527 1996 2590 sit,
2022 2524 2171 2599 quod
2200 2525 2386 2579 finitor
2409 2525 2505 2579 uni
2534 2526 2646 2591 illi,
2688 2546 2719 2577 a

1694 2625 1804 2677 quo
1858 2607 2048 2659 missus
2099 2606 2191 2672 sit,
2241 2606 2630 2659 renuntiaverit
2669 2630 2719 2659 ι.

1692 2684 1837 2739 Ibid.
1888 2712 1911 2733 ι
1941 2685 2243 2739 Decemviri
2274 2692 2417 2739 'cum
2458 2685 2721 2755 imperio,

1694 2784 1817 2819 cum
1844 2765 2095 2831 fascibus,
2116 2784 2241 2818 cum
2260 2765 2351 2818 illa
2370 2763 2575 2817 delecta
2593 2763 2721 2817 fini-

1694 2858 1873 2898 torum
1904 2846 2189 2916 juventute
2212 2870 2261 2896 ιι.
2291 2835 2504 2897 Gutum*

1780 2924 1871 2977 51.
1908 2925 2091 2977 Dicam
2120 2936 2305 2985 tamen,
2346 2925 2493 2976 lusus
2527 2935 2721 2994 praeter

1697 3016 2061 3075 exspectatum
2088 3017 2211 3074 post
2253 3025 2275 3046 ι
2294 3004 2375 3055 sin
2408 3001 2537 3055 odio
2559 3003 2626 3056 ’st
2658 3029 2679 3049 a·
2704 3042 2725 3067 ,

1698 3082 2001 3155 cujusmodi
2028 3084 2313 3137 sexcenties
2340 3080 2591 3140 vidimus.
2618 3082 2687 3138 N.

1780 3165 1869 3215 52.
1897 3164 2053 3227 Illos,
2084 3162 2282 3216 aediles.
2312 3192 2395 3203 --
2434 3162 2623 3232 Quibus
2650 3174 2725 3213 ese

1698 3246 1749 3295 in
1772 3250 1945 3295 manu.
1964 3244 2163 3313 Amph.
2194 3242 2338 3295 Prol.
2366 3246 2457 3297 80.

1784 3323 1876 3385 54.
1897 3324 2113 3374 Patruus
2140 3320 2591 3392 Pultiphagonides.
2618 3320 2721 3372 La·-

1699 3402 1813 3455 tine
1874 3402 2149 3471 inscripsit
2204 3402 2489 3454 Poenulum
2520 3421 2535 3453 ε
2592 3419 2719 3469 ergo

1699 3480 2025 3551 Pultipkagus
2061 3479 2459 3535 Carchedonius
2494 3491 2572 3532 est
2585 3518 2601 3543 ,
2632 3498 2723 3531 seu

1699 3559 1913 3613 Poenus.
1944 3562 2135 3614 Poenos
2164 3559 2511 3631 pultiphagos
2537 3558 2725 3623 fuisse,

1701 3654 2015 3710 argumento
2060 3652 2139 3693 est
2176 3640 2325 3711 puls,
2353 3658 2470 3711 quae
2492 3658 2523 3692 a
2547 3638 2726 3691 Poenis

1704 3719 1909 3771 Punica
1942 3732 2126 3773 vocata
2161 3731 2269 3784 est,
2291 3724 2441 3785 cujus
2471 3716 2725 3771 faciendae

1704 3798 1967 3851 rationem
2014 3799 2171 3853 docet
2218 3800 2371 3853 Cato,
2430 3799 2555 3852 Non
2600 3814 2727 3866 ergo

1704 3878 2029 3949 Pultipliagus
2073 3897 2173 3949 pro
2232 3880 2478 3931 Romano
2535 3876 2730 3927 inteili-

1702 3957 1905 4029 gendus
1932 3955 2102 4029 (quod
2128 3959 2244 4011 vult
2265 3957 2481 4011 doctiss.
2501 3951 2697 4018 Turn.)
2713 3993 2730 4018 ,

1704 4036 1797 4091 sed
1820 4039 2038 4105 Poenus,
2065 4051 2129 4091 ut
2155 4037 2379 4090 dictum.
2408 4037 2726 4089 Suana.—

1702 4117 1918 4171 Mu-reto
1948 4116 2002 4171 e't
2044 4116 2162 4171 aliis
2189 4114 2509 4187 quibusdam
2546 4115 2727 4185 place-

1700 4198 1792 4251 bat
1822 4197 1961 4267 legi:
2008 4224 2031 4245 ι
2061 4197 2253 4250 Latine
2286 4194 2461 4248 Plauti
2506 4205 2729 4265 patruus
