3067 5017
641 422 738 518 98
1432 416 1992 501 POENULUS‚

642 546 1006 637 Quomque
1042 567 1081 610 e
1126 542 1373 615 virtute
1410 540 1602 610 vobis
1635 539 1908 609 fortuna
1943 538 2210 633 obtigit.

636 660 801 724 A'N'r.
840 650 1209 736 Credibile,
1244 664 1524 737 ecastor,
1555 650 1762 738 dicit3
1794 649 1992 720 crede
2029 649 2190 719 huic
2208 702 2228 735 ‚
2259 651 2350 718 mi
2389 666 2600 745 pater.
2731 678 2787 716 ε.»

641 778 819 835 ΒΑΝ.
833 762 1077 833 Credo.
1096 784 1218 832 AG.
1240 763 1328 829 Et
1354 785 1483 855 ego
1496 759 1738 843 credo;
1763 758 1880 828 sed
1899 784 2132 829 eccum
2157 758 2465 829 lenonem
2486 765 2746 857 Lycum
2761 815 2783 848 ‚

637 876 899 943 Bonum
934 872 1193 954 virum,
1230 894 1461 939 eccum
1498 868 1732 958 video,
1777 894 1848 939 se
1881 870 2120 963 recipit
2159 869 2458 940 domum.

638 1006 814 1053 mm.
850 982 1025 1071 Quis
1050 980 1161 1050 hic
1187 977 1330 1049 est?
1352 1002 1571 1051 Aaou.
1608 980 1962 1047 Utrumvis
1987 993 2088 1048 est
2107 1032 2129 1065 ‚
2159 993 2228 1048 et
2259 977 2410 1049 leno
2441 995 2509 1049 et
2537 985 2781 1076 Lycus,

636 1095 719 1161 In
764 1092 1081 1161 servitute
1118 1091 1231 1160 hic
1267 1089 1505 1160 habuit
1549 1087 1722 1159 filias
1761 1104 1946 1175 tuas;

635 1206 727 1274 Et
766 1202 933 1273 mihi
970 1202 1081 1272 hic
1120 1200 1265 1271 auri
1302 1200 1416 1269 fur
1449 1215 1572 1270 est.
1612 1223 1789 1271 mm.
1831 1198 2092 1269 Bellum
2127 1199 2512 1286 hominem,
2577 1225 2787 1295 quem

932 1306 1290 1409 gnoveris!
2737 1330 2794 1369 55

636 1448 855 1497 Aeon.
918 1423 1288 1519 Rapiamus
1326 1421 1396 1489 in
1438 1420 1574 1515 jus,
1605 1473 1611 1480 -
1643 1444 1821 1493 unt.
1896 1419 2228 1493 Minume.
2309 1440 2524 1491 Aaou.
2597 1421 2796 1512 Qua-

932 1530 1265 1628 propter?
1308 1554 1486 1601 mm.
1530 1530 1718 1623 Quia

634 1644 1048 1738 Injuriarum
1082 1638 1369 1713 multam
1411 1640 1546 1711 dici
1581 1641 1790 1711 satius
1833 1657 1956 1713 est.

1215 1834 1662 1927 SCENA
1723 1835 2206 1925 SEXTA.

926 2046 1269 2134 LYCUS,
1316 2044 2077 2133 AGoRAsTOCLES‚
2123 2044 2452 2119 ΗΑΝΝΟ
2475 2102 2496 2136 ,

1334 2167 2095 2239 ANTHEMonEs.

637 2362 793 2410 uc.
845 2334 1202 2427 Decipitur
1246 2354 1486 2417 nemo,
1521 2354 1671 2399 mea
1707 2330 1983 2423 quidem
2035 2333 2394 2420 sententia,

640 2448 783 2539 Qui
828 2446 965 2515 suis
1008 2442 1240 2511 amicis
1275 2454 1508 2510 narrat
1553 2454 1730 2509 recte
1770 2465 1875 2509 res
1912 2463 2108 2508 suas:

638 2562 817 2631 Nam
851 2553 1165 2624 omnibus
1201 2552 1433 2621 amicis
1468 2551 1638 2619 meis
1674 2550 1856 2620 idem
1898 2575 2112 2621 unum
2155 2554 2507 2641 convenit,

643 2670 740 2737 Ut
782 2690 889 2734 me
926 2659 1325 2757 suspendam
1346 2714 1366 2747 ,
1404 2684 1488 2729 ne
1532 2660 1806 2730 addicar
1843 2660 2280 2755 Agorastocli.

643 2801 861 2849 Aaou.
895 2777 1109 2856 Leno,
1135 2795 1365 2841 eamus
1392 2770 1463 2839 in
1494 2769 1630 2863 jus.
1661 2794 1816 2842 uc.
1853 2772 2154 2843 Obsecro
2178 2787 2267 2860 te,
2292 2776 2799 2868 Agorastocles,

642 2887 1063 2982 Suspendere
1095 2898 1172 2951 ut
1195 2906 1305 2950 me
1334 2880 1551 2951 liceat.
1593 2905 1766 2953 Hm.
1803 2884 2022 2970 Leno,
2053 2885 2124 2953 in
2154 2884 2264 2978 jus
2296 2900 2362 2954 te
2397 2911 2587 2956 voco.
2771 2911 2802 2949 ε

640 3023 803 3071 mc.
838 2994 1024 3085 Quid
1054 2992 1178 3061 tibi
1202 3015 1460 3060 mecum
1485 2992 1756 3062 autem?
1784 3015 1963 3063 HAN.
1995 2993 2178 3084 Quia
2207 2994 2405 3064 hasce
2423 2996 2530 3065 aio
2551 2992 2804 3067 liberas

640 3114 1111 3203 Ingenuasque
1146 3124 1286 3169 esse
1330 3098 1504 3171 filias
1542 3102 1770 3170 ambas
1815 3127 2033 3189 mem,

642 3221 814 3309 Quae
851 3230 1008 3285 sunt
1046 3212 1381 3306 subreptae
1416 3234 1576 3281 cum
1620 3212 1882 3282 nutrice
1926 3211 2241 3306 parvolae.

646 3352 805 3399 uc.
844 3321 1259 3417 Jampridem
1293 3320 1601 3416 equidem
1639 3321 1812 3391 istuc
1843 3323 2040 3411 scivi,
2077 3338 2147 3392 et
2188 3324 2467 3395 miratus
2511 3324 2645 3413 fui,
2747 3364 2804 3391 ω

566 3506 577 3521 ,
645 3436 998 3509 Neminem
1038 3430 1297 3517 venire,
1340 3431 1457 3524 qui
1494 3430 1656 3499 istas
1693 3431 2029 3501 adsereret
2063 3457 2291 3503 manu.

643 3551 815 3617 Meae
851 3543 1123 3640 quidem
1168 3540 1471 3635 profecto
1502 3566 1641 3610 non
1687 3555 1866 3611 sunt.
1899 3566 2118 3613 ΑΜἩ.
2155 3546 2379 3631 Lem,
2421 3545 2490 3614 in
2519 3547 2630 3639 jus
2658 3571 2799 3618 eas,

730 3724 819 3780 40.
840 3716 895 3767 Ε
915 3717 1120 3779 virtute,
1155 3730 1256 3784 pro
1280 3710 1573 3782 dignitate,
1613 3724 1675 3765 ut
1856 3712 1946 3783 57.
1981 3714 2279 3783 Injuriarum
2316 3716 2512 3767 multam
2553 3716 2670 3769 dici.
2706 3716 2804 3773 Sa-

646 3797 793 3868 digni
822 3795 961 3858 estis.
1771 3791 1878 3845 tius
1903 3792 2097 3847 Hanno
2116 3806 2292 3864 putat,
2314 3796 2490 3848 verbis
2507 3797 2805 3851 commina-

730 3874 822 3931 53.
866 3875 942 3925 Ee
980 3874 1087 3924 leno
1121 3883 1172 3923 et
1207 3870 1385 3940 Lycus.
1428 3870 1672 3925 Fortasse
1769 3871 2148 3945 tionibusque,
2178 3872 2326 3945 quod
2365 3874 2638 3946 cogendus
2669 3876 2801 3931 leno

641 3955 788 4009 ludit
838 3951 1060 4021 ancipiti
1105 3950 1343 4004 nominis
1380 3950 1526 4011 λύκος
1550 3990 1569 4017 ,
1615 3964 1671 4005 et
1768 3965 1899 4018 erat,
1919 3970 2049 4005 eum
2077 3970 2298 4025 cogere,
2322 3973 2483 4025 quam
2508 3956 2628 4025 jure
2649 3954 2802 4027 judi-

640 4033 879 4091 nominis
896 4032 1026 4094 leno,
1056 4028 1206 4101 quod
1222 4068 1240 4094 ,
1261 4030 1419 4085 litera
1439 4049 1474 4083 n
1494 4030 1668 4103 lique-
1766 4033 1981 4105 cioque.

627 4126 829 4178 scente,
869 4111 1039 4184 possit
1060 4110 1147 4163 leo
1174 4127 1382 4163 sonare.
1851 4131 1876 4167 1
1891 4131 1941 4167 1.
1965 4112 2248 4167 Adur-etet.
2275 4112 2406 4184 Sup.
2430 4113 2531 4181 IV,
2563 4134 2591 4168 ε
2612 4154 2628 4181 ,
2656 4114 2749 4179 84.
