3067 5017
576 410 717 487 536
1199 420 1297 487 M.
1348 418 1643 488 Accu
1691 419 2075 489 PLAUTI

1182 659 1401 727 LOCI
1453 660 1578 727 Ex
1627 658 2134 729 COMOEDIIS

620 859 783 919 QUAE
831 859 1139 906 ExSTANT
1185 858 1425 907 crrA'rl
1448 889 1467 923 ,
1530 860 1659 921 QU!
1700 861 1950 907 TAMEN
1997 860 2073 907 m·
2113 858 2409 907 NOSTRIS
2449 862 2679 909 nomn

1012 970 1404 1043 comcfflus'
1423 970 1772 1031 NUSQUAM
1813 970 2266 1019 COMPARERT.

1290 1196 1992 1265 AMPHITRUONE.

572 1386 878 1477 Optumo
910 1380 1065 1475 jure
1102 1380 1513 1474 infringatur
1547 1378 1703 1448 aula
1740 1380 1983 1449 cineris
2021 1382 2090 1448 in
2129 1395 2357 1474 caput.

567 1495 674 1563 Ne
705 1506 781 1561 tu
809 1488 1105 1587 postules
1127 1488 1467 1559 matellam
1495 1514 1701 1559 unam
1727 1489 1849 1558 tibi
1881 1515 2074 1585 aquae
2100 1490 2366 1560 infundi
2395 1491 2468 1561 in
2497 1507 2730 1587 caput.

566 1606 792 1672 Herus
829 1601 1240 1695 Amphitruo
1268 1600 1682 1695 *obcupatusn

569 1714 813 1803 Quaese
850 1709 1247 1779 adveniente
1281 1710 1520 1779 morbo
1560 1734 1746 1779 nunc
1786 1709 2129 1781 medicum
2171 1711 2320 1785 tibi.

538 1816 769 1893 'Enim
809 1836 885 1889 tu
918 1834 1096 1889 certe
1130 1835 1249 1887 aut
1280 1818 1576 1889 larvatus
1618 1835 1738 1889 aut
1771 1822 2058 1891 cerritus
2091 1846 2183 1891 eS.
2715 1844 2740 1883 ⁵

569 1930 867 2027 Edepol,
891 1928 1236 1998 hominem
1272 1944 1337 1997 te
1376 1926 1728 2000 miserum!
1772 1930 2114 2001 medicum
2149 1932 2454 2026 quaerita.

572 2042 927 2134 Quoique,
970 2065 1080 2109 me
1121 2039 1434 2126 absente,
1470 2064 1717 2135 corpus
1757 2039 2056 2136 volgavit
2091 2068 2313 2113 suum.

571 2149 979 2243 Exjuravisti
1018 2164 1084 2218 te
1118 2149 1288 2218 mihi
1328 2148 1479 2221 dixe
1524 2176 1645 2245 per
1674 2151 1926 2244 jocum.

574 2261 717 2351 Qui
754 2284 1046 2353 nequeas
1086 2274 1471 2329 nostrorum
1508 2275 1663 2329 uter
1697 2263 1784 2330 sit
1814 2262 2221 2355 Amphitruo
2261 2260 2635 2331 decernere.

573 2371 720 2443 Nisi
754 2369 885 2439 hoc
914 2371 1007 2439 ita
1036 2368 1416 2461 factum’st,
1446 2369 1730 2464 proinde
1758 2385 1834 2440 ut
1871 2371 2125 2440 factum
2151 2395 2292 2439 esse
2326 2385 2614 2440 autumo
2633 2424 2653 2458 ,
2691 2400 2748 2428 w

572 2483 734 2553 'Non
778 2504 1048 2549 causam
1089 2479 1276 2567 dico,
1314 2504 1550 2548 verum
1591 2480 1756 2572 quin
1797 2477 2142 2549 insimules
2181 2477 2436 2573 probri.

573 2589 1011 2663 Manifestum
1046 2589 1232 2657 hunc
1267 2590 1539 2657 obtorto
1577 2588 1754 2657 collo
1794 2604 1988 2658 teneo
2032 2589 2276 2658 furem.

576 2700 683 2773 Ibi
726 2699 1018 2769 scrobeis
1060 2698 1356 2767 ecfodito
1392 2697 1632 2792 duplos
1678 2700 2144 2793 sexagenos'in
2181 2698 2344 2769 dies.

667 2926 721 2961 ι.
757 2905 973 2977 Optume
1006 2904 1154 2976 jure,
1186 2900 1335 2973 apud
1373 2903 1615 2957 Nonium
1710 2880 2553 2975 3,1}.—Exjumokti.·Apud
2595 2904 2747 2960 Non·

580 2986 993 3043 v·au1a.Hunc
1020 2996 1073 3036 et
1095 2984 1337 3055 quinque
1364 3002 1478 3055 seq.
1498 3002 1622 3037 ver·
1704 2983 1762 3036 h.
1785 3002 1841 3039 v.

582 3084 673 3123 sus
704 3065 849 3119 refer
881 3062 949 3116 ad
974 3063 1078 3127 IV,
1116 3083 1167 3117 2.
1790 3082 1845 3131 9.
1879 3062 1983 3131 Qui
2003 3082 2230 3133 nequeas.
2257 3060 2402 3116 Vide
2421 3064 2620 3134 Amph.
2636 3066 2746 3128 IV,

670 3164 722 3197 2.
746 3145 827 3198 Ne
851 3154 903 3195 tu
923 3142 1171 3215 postules,
1208 3154 1311 3196 etc.
1330 3160 1431 3213 ap
1436 3128 1638 3197 eumd.
1714 3140 1779 3208 3,
1811 3142 1867 3195 3.
1884 3143 2086 3211 -Qm‘
2109 3142 2343 3215 nequeas,
2365 3162 2455 3215 ap.
2484 3142 2750 3198 eumdem

583 3246 639 3283 v.
661 3224 943 3293 obeupatus.
1710 3222 2061 3275 v.dee.ce1·nere
2065 3222 2470 3290 —Nostrorum,
2497 3223 2754 3278 nomim-

669 3305 721 3357 3.
750 3304 915 3355 Herus
935 3336 1038 3356 .....
1071 3302 1369 3373 obcupatus,
1420 3298 1479 3353 id
1508 3311 1619 3365 est,
1711 3300 1854 3354 tivus
1875 3321 1982 3356 nos.

585 3382 911 3477 impeditus:
947 3394 1008 3435 ut
1038 3400 1209 3453 graece
1236 3380 1440 3434 dicitur
1469 3380 1625 3448 ἁσχο-
1798 3399 1884 3433 ιο.
1908 3380 2022 3433 Nisa·
2051 3380 2142 3433 hoc
2173 3384 2244 3433 ita
2263 3418 2281 3448 ,
2311 3378 2458 3454 apud
2492 3380 2754 3435 eumdem

582 3463 677 3529 m,
700 3464 737 3517 i.
761 3480 811 3515 e.
840 3479 1040 3515 vacuus
1060 3480 1170 3531 non
1192 3472 1288 3515 est.
1309 3460 1622 3513 Teunm—
1711 3478 1766 3515 v.
1789 3472 2057 3513 autumare.

586 3544 753 3597 Herm
777 3542 1103 3613 Amphitruo,
1128 3539 1275 3612 apud
1297 3540 1348 3594 N
1352 3558 1542 3593 omum
1564 3557 1618 3593 v·
1797 3559 1823 3592 1
1839 3557 1888 3591 1.
1917 3540 2036 3594 Non
2057 3556 2254 3592 causam
2277 3541 2450 3594 dico...
2473 3542 2610 3613 quin,
2629 3558 2755 3594 non

588 3622 872 3699 obcupatus.
1711 3637 1922 3673 recuso.
1951 3650 2033 3665 -—·
2061 3620 2274 3685 Verum,
2302 3637 2448 3673 vere.
2480 3620 2716 3711 Vulgata
2735 3658 2756 3688 ‚

672 3709 727 3768 4.
761 3701 940 3771 Quoese
965 3700 1281 3767 adveniente,
1316 3716 1405 3767 ap.
1426 3694 1620 3750 eumd.
1714 3699 1878 3751 «Non
1907 3718 2119 3752 causam
2140 3698 2282 3753 dico·
2308 3700 2516 3753 Verum
2545 3700 2640 3771 qui
2665 3698 2758 3751 in-

587 3800 679 3837 vv.
726 3782 983 3839 advenire,
1040 3780 1451 3849 cerrit1.Quoese
1489 3777 1526 3829 i.
1565 3786 1632 3849 ql
1711 3778 1926 3831 simulet
1953 3798 2038 3849 pr.
2063 3784 2145 3830 P·
2179 3780 2373 3832 Nostra
2398 3791 2524 3831 est.
2565 3804 2588 3827 ι
2609 3780 2756 3849 quin

588 3880 785 3933 quare.
826 3860 1031 3913 Ennius
1072 3878 1087 3913 τ
1144 3859 1425 3912 «liberum
1472 3874 1622 3928 quw·
1711 3875 1838 3911 vere
1860 3857 2172 3911 insimulare
2195 3877 2285 3911 me
2305 3856 2608 3917 videaris».

591 3939 820 3993 sendum
848 3957 1004 3993 causa
1030 3964 1079 3988 ι.
1799 3954 1822 3989 1
1839 3956 1890 3991 a.
1924 3938 2242 4005 Manifestum
2269 3938 2426 4003 bunc,
2447 3955 2533 4009 ap.
2555 3934 2752 3993 eumd.

674 4039 729 4090 7.
767 4020 1006 4091 Quotque,
1036 4038 1109 4071 me
1135 4017 1345 4089 abs.ap.
1370 4013 1626 4069 eumdem
1715 4034 1769 4070 v.
1793 4017 2016 4085 furtum.

594 4117 652 4154 v.
675 4099 917 4168 vulgavit.
1801 4114 1825 4148 1
1839 4095 1894 4147 3.
1917 4096 2002 4149 lbi
2032 4097 2240 4151 serobea‘s
2257 4136 2274 4165 ,
2307 4095 2457 4168 apud
2493 4094 2761 4152 eumdem

677 4182 731 4237 8.
758 4178 1081 4249 Eaejurariui.
1102 4174 1247 4230 Vide
1284 4174 1489 4247 Amph.
1510 4176 1629 4243 111,
1715 4194 1765 4231 v.
1793 4174 2019 4229 εει-οὐού.
