3067 5017
653 384 748 473 34

1425 384 2015 471 POENULus,

645 514 781 584 Fac
815 506 998 604 quod
1043 506 1380 577 facturum
1414 520 1482 577 te
1513 530 1657 579 esee
1694 508 2059 601 promisisti
2095 506 2259 579 mihi
2278 562 2299 595 ,

646 626 747 695 Ut
773 644 899 714 ego
923 618 1107 687 hunc
1133 614 1443 687 lenonem
1477 616 1775 711 perdam.
1840 642 2097 689 mum.
2158 618 2483 693 Perfacile
2529 620 2601 692 id
2645 622 2787 720 qui·

940 729 1090 798 dem
1110 727 1212 797 ’st.

643 846 720 931 1,
761 840 1018 911 adduce
1059 840 1279 908 testeis
1321 852 1579 925 tecum3
1629 864 1754 935 ego
1792 841 1975 910 intus
2010 841 2279 911 interim
2734 868 2783 907 ιε

643 956 792 1023 Jam
826 966 894 1021 et
929 950 1334 1019 ornamentis
1365 950 1532 1018 meis
1568 965 1635 1019 et
1670 950 2125 1045 sycophantiis

642 1069 865 1135 Tuum
906 1060 1242 1130 exornabo
1285 1057 1619 1146 villicum;
1659 1084 1948 1154 propera
1985 1075 2191 1155 atque
2232 1061 2366 1131 abi.

642 1198 863 1247 Acon.
907 1172 1144 1266 Fugio.
1213 1194 1467 1240 mma.
1529 1174 1764 1240 Meum
1791 1168 1873 1239 ’st
1925 1171 2097 1239 istuc
2160 1171 2369 1265 magis
2420 1170 2740 1266 opficium
2762 1219 2784 1259 ‚

937 1306 1138 1377 quam
1188 1293 1404 1351 tuum.

644 1418 860 1467 AGon.
907 1396 1136 1487 Egone
1164 1445 1185 1478 ,
1223 1414 1436 1485 egone
1463 1442 1483 1476 ‚
1550 1389 1605 1458 si
1644 1388 1816 1459 istuc
1852 1387 2070 1483 lepide
2113 1386 2357 1457 ecfexis
2360 1440 2482 1459 .....
2528 1414 2782 1460 mun.

927 1506 962 1571 Ι
997 1499 1224 1570 modo.

638 1637 859 1688 Acon.
903 1614 1004 1681 Ut
1043 1634 1182 1679 non
1219 1632 1345 1702 ego
1381 1621 1448 1676 te
1480 1605 1802 1677 hodie.....
1836 1631 2090 1677 marn.
2132 1607 2258 1677 Abi
2294 1607 2516 1679 modo.
2568 1632 2783 1680 Acon.

931 1721 1254 1790 Emittam
1290 1742 1500 1789 manu
1505 1768 1626 1787 .....

639 1855 893 1904 mnrn.
938 1834 975 1899 I
1014 1827 1238 1897 modo.
1272 1850 1493 1897 Acon.
1535 1828 1734 1915 Non,
1776 1824 2027 1915 hercle,
2066 1851 2485 1898 meream.....
2526 1851 2781 1899 narn.

933 1938 1086 2007 Vah
1115 1934 1130 2006 !
1177 1936 1288 2006 abi
1328 1936 1555 2006 modo.

641 2075 858 2123 Aaou.
881 2051 1230 2139 Quantum
1251 2046 1634 2117 Acheronte
1659 2046 1742 2117 'st
1762 2061 2211 2120 mortuorum.
2250 2070 2505 2117 utun.
2532 2048 2787 2117 Etiam·-

937 2182 1022 2227 ne
1050 2153 1236 2226 abis?

638 2292 853 2342 Acon.
893 2270 1130 2363 Neque
1164 2280 1492 2360 quantum
1527 2289 1719 2359 aquae
1752 2280 1850 2335 est
1890 2266 1961 2334 in
1997 2267 2189 2335 mari.
2238 2290 2497 2337 mmm.
2544 2266 2784 2335 Abitu-

939 2401 1142 2445 rusne
1183 2376 1295 2444 es?

553 2528 570 2551 ι
648 2512 866 2562 Aaou.
905 2489 1142 2582 Neque
1177 2484 1378 2553 nubis
1407 2499 1760 2579 quantum.
1798 2508 2055 2568 mnpn.
2084 2484 2351 2581 Pergin'
2383 2488 2706 2583 pergere?

646 2623 864 2672 AGon.
901 2601 1134 2691 Neque
1174 2593 1378 2664 stellae
1431 2596 1501 2663 in
1547 2594 1731 2666 caelo.
1774 2619 2029 2669 minen.
2066 2596 2331 2692 Pergin’
2368 2598 2591 2668 aureis
2624 2612 2783 2669 tun·

943 2707 1102 2776 dere
1121 2704 1152 2774 ‘z’

643 2920 1050 2991 blandiloquum
1063 2954 1081 2983 ,
1127 2928 1192 2973 ut
1235 2934 1266 2972 a
1301 2913 1670 2986 Lampadione

643 2997 1024 3075 Lampadiscus
1043 2994 1448 3051 Cistell.-Mea
1481 3014 1672 3055 conmo-

648 3072 797 3135 da‘e'as.
829 3073 920 3133 cf.
953 3074 1115 3146 Epid.
1141 3076 1216 3141 V,
1250 3092 1302 3141 1,
1334 3079 1365 3126 8
1386 3113 1402 3140 ,
1444 3086 1499 3128 et
1521 3076 1667 3129 Asin.

653 3163 769 3227 111,
794 3160 848 3221 3,
874 3150 970 3211 65.
1001 3154 1072 3208 N.
1131 3182 1136 3187 -

732 3243 822 3293 16.
847 3236 1156 3291 Ornamentis
1182 3236 1329 3299 meis,
1372 3232 1571 3287 scilicet
1602 3232 1672 3287 de

645 3338 768 3374 meo
787 3358 802 3384 ,
839 3333 952 3370 non
977 3326 1168 3367 mutuo
1197 3310 1400 3365 sumtis.
1428 3312 1575 3366 Pers.
1610 3315 1670 3379 1,

647 3401 714 3466 3,
749 3418 842 3475 79.
879 3397 1080 3452 Forsan
1110 3394 1213 3445 hoc
1246 3392 1368 3445 loco
1389 3393 1669 3463 metapho-

645 3480 759 3533 rice
786 3486 1098 3545 usurpatum
1128 3472 1463 3526 vocabulum.
1491 3472 1561 3524 N.

735 3558 986 3619 18Jsm0,
1013 3552 1164 3625 quod
1191 3550 1354 3615 dicis,
1379 3551 1553 3604 facere
1582 3570 1671 3603 me

652 3635 821 3707 magis
843 3634 1013 3689 decet.
1044 3632 1128 3686 Cf.
1150 3631 1295 3684 Asin.
1311 3632 1385 3695 11,
1411 3650 1464 3694 α,
1497 3650 1522 3683 1
1540 3631 1632 3684 13.

735 3726 932 3785 19-3‘2.
965 3713 1165 3781 Egone,
1195 3728 1374 3780 egone,
1403 3710 1506 3761 etc.
1538 3711 1669 3764 har·

647 3814 745 3867 gns
769 3794 1057 3848 verborum
1072 3828 1089 3854 ,
1122 3808 1296 3861 operae
1321 3806 1512 3861 parcus
1540 3788 1673 3841 ado-

647 3876 850 3931 lescens
863 3884 1014 3925 servo
1030 3869 1251 3943 grandia
1273 3869 1410 3935 velle
1429 3868 1670 3938 polliceri

646 3952 880 4016 videtur,
914 3953 1090 4022 cujus,
1119 3968 1292 4022 quum
1321 3948 1669 4020 vaniloquum

642 4045 892 4105 expertus
930 4048 1055 4084 eum
1089 4029 1298 4083 noverit
1314 4068 1330 4094 ,
1370 4046 1669 4081 sermonem

531 4128 542 4141 ¹
638 4110 910 4169 fastidiose
941 4109 1305 4179 interrumpit.
1335 4108 1436 4161 Hic
1461 4120 1541 4163 est
1561 4126 1669 4160 uno

1757 2930 1942 2973 tenore
1976 2934 2151 2971 sermo
2179 2938 2194 2971 ε
2236 2935 2439 2989 egone,
2482 2932 2545 2973 ut
2586 2940 2698 2975 non
2730 2932 2785 2984 te

1758 2997 1998 3051 emittam
2029 3016 2219 3063 manu,
2259 2998 2305 3053 si
2353 2999 2461 3051 hoc
2507 2999 2783 3069 effeceris,

1751 3081 1903 3142 ¹nou,
1928 3076 2106 3129 hercle
2125 3116 2142 3142 ,
2182 3078 2343 3129 velim
2368 3076 2611 3149 accipere
2628 3120 2646 3144 ,
2678 3092 2785 3133 etc.

1758 3157 1847 3212 Cf.
1876 3156 2117 3221 Asin.V,
2154 3178 2208 3221 2,
2239 3156 2312 3209 36
2330 3193 2348 3223 ,
2387 3170 2442 3211 ct
2466 3158 2782 3213 Menaechm-

1758 3237 1816 3304 1,
1836 3237 1868 3288 3
1888 3274 1905 3301 ,
1936 3236 2031 3299 34.
2054 3266 2134 3277 -—
2155 3238 2405 3305 Quantum
2420 3238 2548 3291 Aah.
2570 3238 2785 3293 Scilicet

1758 3333 1873 3367 rem
1896 3315 2071 3384 magni
2093 3315 2255 3386 pretii
2275 3318 2559 3372 nominare
2581 3316 2787 3383 debuit,

1758 3394 1851 3447 sed
1894 3396 2163 3464 perjuram
2204 3407 2440 3451 mentem
2479 3397 2622 3451 ultro
2668 3399 2786 3469 ipse

1758 3474 1935 3544 arguit
1982 3474 2211 3527 vanitate
2263 3493 2445 3529 terum
2494 3494 2627 3545 quas
2680 3476 2782 3529 sibi

1758 3550 2021 3605 mercedis
2044 3554 2167 3605 loco
2199 3554 2503 3624 propositas
2527 3556 2786 3626 imagina-

1757 3643 1862 3685 tur.
1885 3632 2102 3685 Etenim
2124 3645 2464 3688 mortuorum
2489 3634 2786 3704 thesaurus,

1758 3724 1983 3782 quantus
2031 3726 2263 3782 quantus
2311 3726 2388 3768 est
2410 3752 2427 3779 ,
2480 3712 2614 3785 quid
2666 3727 2743 3767 est
2758 3719 2785 3768 i?

1756 3791 1931 3861 pulvis
1953 3803 2005 3843 et
2021 3793 2228 3844 umbra.
2255 3793 2445 3864 Neque
2468 3796 2591 3863 plus
2614 3794 2781 3865 signi-

1756 3870 1917 3923 ficant
1940 3871 2112 3925 nubes
2142 3880 2197 3925 e’t
2232 3872 2419 3925 stellae.
2440 3874 2507 3925 N.

1840 3956 1933 4013 ²4·
1958 3952 2165 4020 Pergin’
2179 3972 2379 4022 pergere
2394 3960 2423 4002 9
2448 3952 2663 4023 Ergone
2686 3953 2781 4005 oh·

1757 4030 1945 4083 stinate
1958 4032 2133 4103 pergis
2148 4030 2422 4103 loquendo
2441 4050 2608 4103 nugas
2620 4037 2643 4083 Ρ
2662 4032 2782 4086 Bat-

1756 4110 1975 4181 tologia.
2013 4110 2083 4165 N.
2146 4178 2159 4191 ἢ
