3067 5017
865 415 1203 483 ACTUS
1255 418 1324 499 I,
1376 416 1720 484 SCENA
1771 417 1915 485 111.

320 566 471 611 cm..
512 540 671 607 Fuit
698 537 1033 622 disertum
1074 564 1307 609 verum
1352 538 1419 607 id
1459 561 1586 609 usu
1629 538 1939 635 perdidi;

310 655 503 723 Nunc
538 651 999 744 Miccotrogus
1042 650 1317 719 nomine
1360 676 1442 719 ex
1473 675 1634 719 vero
1669 676 1898 720 vocor.
1972 735 1978 741 ,

311 786 502 831 enoc.
543 765 731 847 Heu,
766 774 1047 846 ecastor,
1090 762 1207 829 risi
1246 776 1313 831 te
1348 761 1552 831 hodie
1583 761 1902 831 multum.
1935 785 2096 832 εει.
2121 763 2458 852 Quande,

599 884 719 938 aut
751 894 889 963 quo
934 870 1005 939 in
1048 869 1247 939 loco?

312 1004 509 1049 enoc.
539 980 705 1051 Heic
730 1002 951 1074 quom·
975 982 1357 1049 auctionem
1385 980 1818 1074 praedicabas.
1847 1006 2006 1053 εει..
2040 985 2376 1074 Ρεεειιῐηα,
2401 1020 2459 1061 9..

312 1087 515 1158 Ehon'
552 1088 909 1157 audivisti?
940 1113 1145 1161 enoc.
1195 1094 1291 1159 Te
1329 1091 1612 1183 quidem
1653 1090 2160 1185 dignissumam.

312 1225 455 1269 cm„
493 1202 655 1289 Quo
696 1225 875 1268 nunc
921 1200 1019 1269 is?
1045 1188 1249 1295 cnon,
1293 1200 1403 1271 Ad
1441 1216 1528 1269 te,
1564 1224 1724 1271 Gen.
1764 1202 1952 1293 Quid
1979 1202 2218 1273 venis?
2250 1230 2456 1279 enoc.

598 1312 969 1404 Panegyris
1080 1376 1087 1383 .
1155 1352 1176 1367 ·

230 1430 237 1438 ‘
314 1426 570 1514 Rogare
601 1420 802 1512 jussit
842 1434 907 1489 te
944 1442 1147 1514 opere
1193 1444 1552 1505 maxumo,

312 1534 578 1599 Mecum
619 1530 844 1598 simitu
887 1545 967 1599 ut
998 1531 1127 1599 ires
1163 1530 1249 1599 ad
1287 1556 1429 1599 sese
1466 1530 1766 1599 domum.

315 1665 460 1710 Gen.
500 1644 647 1734 Ego
686 1638 836 1725 illo,
874 1638 1239 1723 mehercle,
1278 1666 1441 1709 vero
1477 1665 1594 1725 ec,
1633 1656 1966 1733 quantum
2001 1642 2240 1737 potest.
2408 1660 2461 1720 os

314 1753 543 1817 Jamne
581 1763 733 1816 exta
772 1764 962 1817 cocta
1000 1750 1207 1817 sunt?
1240 1765 1405 1843 quot
1448 1751 1637 1844 agnis
1674 1750 1969 1822 fecerat?
2417 1758 2426 1773 ¹

314 1884 509 1933 enoc.
544 1857 671 1929 Illa
709 1860 976 1953 quidem
1016 1858 1278 1931 nullum
1320 1860 1768 1931 sacruficavit.
1805 1886 1964 1933 ent..
2008 1865 2416 1953 Quomodo?

314 1970 494 2059 Quid
529 1970 739 2063 igitur
777 1994 885 2037 me
922 1969 1113 2038 volt?
1144 1990 1346 2040 onoc.
1392 1972 1628 2040 Tritici
1661 1972 1922 2041 modios
1957 1972 2190 2042 decem

317 2085 605 2175 Rogare,
640 2080 907 2174 opinor,
939 2095 1005 2149 te
1041 2076 1199 2151 volt.
1241 2102 1398 2150 ρει..
1435 2080 1677 2168 Mene,
1717 2096 1792 2151 ut
1828 2083 1912 2150 ab
1947 2106 2016 2153 se
2054 2082 2318 2178 petam?

320 2215 515 2261 enoc.
559 2195 736 2275 Imo,
774 2190 1037 2279 hercle,
1066 2205 1145 2258 ut
1170 2190 1291 2259 abs
1323 2206 1387 2259 te
1425 2206 1738 2259 mutuum
1779 2193 1971 2263 nobis
2009 2192 2224 2293 dares.
2255 2182 2263 2190 ⁸
2391 2228 2470 2254 ιοο

318 2326 466 2371 GEL.
509 2304 776 2396 Negato
820 2327 957 2369 esse
996 2301 1179 2395 quod
1223 2300 1405 2387 dem,
1444 2326 1568 2397 nec
1615 2326 1768 2386 mn,
1811 2324 1938 2370 nec
1971 2318 2319 2391 mutuum,

315 2414 548 2506 Neque
584 2410 1171 2505 aliud‘quidquam
1194 2465 1212 2497 ‚
1252 2412 1379 2479 nisi
1418 2411 1548 2479 hoc
1576 2410 1762 2503 quod
1793 2410 2006 2480 habeo
2044 2411 2365 2506 pallium,

318 2524 647 2617 Linguam
692 2546 962 2615 quoque
996 2523 1198 2590 etiam
1241 2521 1706 2589 venditariam.

318 2654 519 2701 enoc.
542 2634 696 2698 Hau
717 2684 735 2716 ‚
758 2630 937 2698 nulla
972 2631 1093 2698 tibi
1118 2630 1347 2723 lingua
1374 2644 1501 2714 est,
1531 2655 1680 2723 quae
1702 2629 1974 2722 quidet'n
2009 2629 2474 2719 dicat,Dabo?
2547 2722 2552 2727 δ

324 2767 475 2813 GEL.
523 2746 831 2814 Veterem
866 2740 1106 2837 reliqui
1138 2768 1153 2809 ε
1194 2766 1418 2810 eccam
1458 2740 1640 2809 illam
1662 2794 1682 2828 ,
1723 2733 1869 2835 quae
1896 2740 2111 2828 dicat,
2142 2743 2348 2812 Cedo.
2399 2762 2472 2801 ¹0⁵

2315 416 2457 516 319

320 2926 493 2977 herum
517 2922 835 2995 hujusmodi
855 2922 1172 2977 coena.Vide
1190 2925 1352 2977 etiam

320 3004 456 3058 Rud.
477 3007 550 3067 V,
582 3005 646 3068 3,
674 3004 744 3057 63
766 3042 782 3069 ,
803 3017 856 3056 et
879 3006 1041 3057 Most.
1070 3005 1117 3068 I,
1147 3022 1198 3068 1,
1230 3005 1320 3057 23.

1439 2924 1594 2995 quasi
1617 2942 1687 2975 ne
1709 2924 1798 2976 illa
1823 2922 2041 2995 quidem
2067 2923 2205 2994 ipsi,
2243 2943 2314 2977 ne
2334 2922 2466 2978 dum

1440 3016 1612 3057 totum
1641 3016 1868 3056 mutuum.
1901 3003 2084 3055 Gnur.

401 3088 495 3155 87.
521 3085 758 3135 Disertc'm
779 3118 795 3145 ‚
820 3082 879 3135 id
902 3097 1005 3148 est,
1036 3084 1214 3154 plane.

402 3166 493 3219 88.
535 3164 884 3231 Miccotrogus.
920 3166 969 3215 A
998 3166 1197 3235 μικκὸς,
1234 3163 1269 3215 i.
1299 3182 1347 3216 e.

325 3250 486 3315 μικρὸς
503 3282 521 3309 ‚
552 3253 604 3296 et
629 3245 866 3313 τρωγεῖν,
905 3242 962 3295 id
990 3256 1097 3306 est,
1126 3241 1319 3295 rodere
1336 3280 1352 3307 ,

324 3325 467 3395 quasi
511 3323 823 3393 panuh-odas.
868 3322 1134 3375 Convenit
1172 3335 1348 3375 autem

323 3403 422 3455 hoc
448 3404 676 3456 verbum
698 3402 966 3473 parantia,
993 3403 1089 3473 qui
1106 3441 1121 3466 ,
1149 3414 1208 3453 ut
1229 3420 1351 3453 mu-

324 3501 433 3546 res,
462 3482 636 3536 aliena
654 3480 877 3535 rodunt.
894 3482 1121 3535 Tuum,
1148 3514 1231 3524 —
1264 3482 1353 3535 Sic

325 3566 623 3631 Artotrogus
642 3562 828 3614 Militis
856 3561 1095 3632 gloriosi.

400 3646 497 3713 96.
526 3643 669 3693 Exta
693 3654 847 3695 cocta.
881 3641 967 3694 Cf.
999 3641 1201 3711 Amph.
1235 3641 1350 3706 III,

330 3720 388 3784 3,
423 3723 528 3785 133
558 3721 678 3773 Mil.
701 3722 814 3785 ΙΙΙ,
858 3740 909 3785 1,
944 3723 1075 3773 118.
1104 3750 1184 3764 -ι
1218 3720 1353 3789 Quot

326 3806 463 3869 agnis
490 3802 713 3868 fecerat,
760 3800 815 3853 id
851 3812 930 3853 est
952 3840 967 3865 ‚
1016 3800 1349 3852 sacrificarat.

328 3880 479 3951 Vix-g.
512 3880 630 3933 Ecl.
668 3908 687 3928 ι
704 3898 873 3951 quum
899 3879 1089 3933 faciam
1119 3880 1283 3933 vitula
1305 3905 1352 3932 ι.

412 3979 537 4013 101.
566 3960 671 4013 Nec
713 3980 821 4025 mu,
870 3980 955 4011 nec
997 3971 1229 4012 mutuum.
1262 3958 1356 4011 Mu

329 4040 613 4091 minimum
635 4038 765 4111 quid
786 4053 999 4103 notare,
1026 4040 1205 4111 inquit
1224 4040 1359 4091 Var-

328 4137 390 4171 ro
422 4120 507 4170 VI
548 4116 616 4171 de
660 4118 818 4189 Ling.
861 4120 977 4172 Lat.
1019 4120 1358 4190 respexitque

333 4198 545 4251 interim
568 4196 637 4252 ad
655 4204 807 4253 mutui
826 4200 1053 4269 primam
1075 4199 1359 4269 syllabam5

1527 3084 1651 3136 103.
1679 3084 2030 3137 Pindum-iam.
2055 3084 2261 3154 Lingua
2280 3082 2472 3137 vendi·

1439 3164 1574 3216 tan-ia
1591 3201 1606 3225 ,
1637 3181 1696 3215 ea
1723 3176 1830 3227 est,
1859 3182 1969 3215 non
1990 3181 2108 3235 quae
2131 3162 2347 3229 vendit,
2375 3162 2469 3215 sed

1438 3261 1556 3314 quae
1593 3241 1830 3295 vendere
1869 3244 2033 3313 cupit.
2089 3242 2225 3295 Nam
2269 3244 2471 3296 vend-ito

1438 3342 1551 3375 non
1574 3335 1653 3375 est
1670 3323 1975 3394 frequenter
1997 3320 2170 3375 vendo
2183 3361 2198 3386 ,
2227 3321 2322 3376 sed
2342 3341 2470 3375 ven-

1442 3400 1570 3453 dere
1603 3406 1757 3472 cupio.
1796 3402 1909 3455 Cic.
1935 3404 2133 3473 Arusp.
2158 3402 2316 3473 Resp.
2343 3425 2365 3447 ι
2384 3403 2474 3455 At-

1441 3499 1547 3551 que
1589 3482 1639 3532 ei
1693 3500 1830 3545 sese,
1875 3481 1964 3533 cui
2012 3493 2156 3533 totus
2201 3482 2472 3547 venierat,

1440 3561 1602 3613 etiam
1635 3554 1796 3613 vobis
1815 3561 2230 3631 inspectantibus
2246 3596 2264 3624 ‚
2289 3560 2476 3613 vendi·

1441 3652 1581 3693 taret
1602 3666 1624 3687 n
1647 3678 1662 3702 ,
1693 3639 1750 3692 id
1775 3653 1870 3706 est,
1891 3659 1946 3693 se
1964 3641 2013 3693 ei
2035 3638 2268 3693 vendere
2290 3640 2470 3694 vellet.

1438 3720 1592 3771 Talia
1633 3721 1794 3773 multa
1835 3732 1990 3784 sunt,
2018 3738 2138 3791 quae
2166 3719 2472 3791 frequenta·

1438 3800 1563 3852 tivae
1591 3799 1782 3853 formae
1809 3811 2124 3864 censentur,
2151 3817 2318 3870 quum
2361 3800 2474 3853 sint

1443 3876 1811 3932 desiderativa.
1867 3879 1952 3931 Sic
1991 3898 2190 3949 prenso.
2234 3898 2345 3933 uon
2395 3893 2474 3935 est

1441 3958 1653 4029 prendo
1694 3959 2032 4029 frequenter,
2073 3955 2163 4011 sed
2205 3956 2474 4029 prendere

1446 4039 1628 4110 cupio.
1659 4037 1836 4108 Capto,
1868 4056 2058 4109 capere
2088 4036 2332 4092 desidero
2359 4055 2372 4091 :
2400 4040 2476 4093 ita

1446 4118 1682 4179 dormito,
1722 4129 1938 4181 ostento,
1979 4117 2259 4171 ostendere
2298 4136 2388 4171 me
2421 4120 2478 4171 in

1449 4198 1626 4267 aliqua
1654 4215 1714 4250 re
1745 4197 1886 4251 volo,
1908 4198 2102 4252 Muttito
2116 4236 2133 4265 ,
2155 4200 2365 4253 munire
2387 4217 2480 4251 cu-
