3067 5017
1147 435 1753 502 EDITIONES.
2380 432 2526 507 623

373 555 756 644 scripturas,
789 551 1086 640 adeoque
1119 553 1314 618 etiam
1357 555 1527 618 ultra
1562 577 1790 618 omnes
1834 555 2111 620 aliorum
2150 554 2469 625 editiones
2494 605 2515 640 ,

375 659 456 724 ad
481 676 806 724 trecentos
831 682 1012 748 paene
1038 683 1260 723 versus
1287 659 1717 742 desideratOS,
1736 684 1905 748 quos
1944 683 2088 726 meo
2112 709 2130 744 ,
2162 679 2226 726 et
2252 664 2519 751 publico

377 767 628 830 meliori
653 766 788 829 fato
825 765 1056 852 reperi.
1085 766 1248 846 Quae
1281 766 1350 828 in
1386 766 1783 855 marginibus
1812 765 2049 850 adjeci,
2080 768 2307 832 lectori
2336 770 2518 857 quod

372 873 641 961 probius
677 871 1026 952 videbitur,
1063 887 1128 934 et
1155 871 1237 934 ad
1267 895 1580 936 numeros
1606 874 1854 963 aptius,
1888 871 2159 962 deliget,
2188 875 2513 960 judicium

375 979 684 1042 cohibere
717 977 856 1064 ipse
895 977 1096 1040 volui.
1121 979 1400 1042 Caeteros
1442 1001 1638 1059 vero,
1670 978 1909 1066 quibus
1954 979 2193 1067 passim
2230 981 2521 1065 lacunaS‚

375 1101 441 1148 et
469 1105 673 1148 vacua
691 1131 709 1164 ,
736 1099 1088 1170 notataque
1121 1085 1426 1148 asterisco
1455 1086 1598 1148 loca
1628 1085 1964 1172 supplevi,
1994 1085 2094 1147 uti
2116 1085 2339 1150 inveni
2372 1090 2521 1152 sc'ri-

369 1205 519 1278 ptos
541 1237 560 1269 ‚
579 1190 666 1254 ita
691 1189 816 1254 edo
842 1238 860 1270 ,
895 1188 1099 1252 multa
1132 1190 1270 1254 sine
1301 1191 1554 1256 ratione
1588 1181 2019 1256 numeror'um
2056 1191 2293 1258 Plauto
2324 1195 2518 1264 usita-

371 1313 595 1360 torum
635 1318 650 1360 ε
695 1294 879 1383 quod
913 1295 1144 1359 vitium
1180 1297 1595 1362 librariorum
1634 1297 2027 1387 negligenti-a
2080 1297 2237 1362 huic
2274 1316 2338 1364 et
2382 1301 2519 1367 aliis

375 1401 610 1466 accidit
635 1402 1104 1490 scriptoribus:
1141 1405 1256 1490 qui
1297 1421 1518 1492 poetas
1558 1405 1789 1469 solutae
1826 1405 2137 1468 orationis
2182 1429 2257 1469 ac
2291 1431 2521 1494 perpe-

365 1522 500 1570 tuae
553 1508 622 1570 in
655 1506 928 1570 modum
963 1506 1436 1574 describebant.
1492 1511 1589 1574 Ac
1626 1508 1893 1597 quidem
1930 1509 2017 1573 ita
2048 1509 2238 1574 edere
2279 1512 2479 1576 malui
2502 1561 2521 1596 ,

374 1629 450 1674 ut
475 1613 753 1700 quisque
777 1612 844 1674 in
871 1635 1181 1676 numeros
1215 1613 1354 1702 ipse
1390 1631 1612 1702 cogat,
1644 1638 1843 1701 quam
1870 1631 1947 1682 ut
1981 1615 2157 1678 nulla
2190 1639 2227 1678 a
2255 1640 2359 1680 me
2389 1618 2518 1701 vis,

370 1718 473 1780 vel
515 1719 691 1780 fraus
731 1733 1002 1806 propter
1029 1723 1360 1782 numeros.
1382 1720 1663 1782 auctoris
1700 1719 1914 1783 verbis
1962 1735 2025 1783 et
2058 1723 2393 1787 sententiae
2442 1745 2517 1788 ea

371 1821 783 1886 solicitudine
833 1822 1038 1888 fieret.¹
1103 1825 1194 1888 Ac
1249 1825 1535 1888 fortassis
1578 1824 1875 1912 quaedam
1924 1843 2198 1891 conatus
2250 1828 2514 1896 fuissem

369 1929 763 2010 conjecturis
809 1930 997 1994 etiam
1021 1984 1039 2016 ,
1079 1947 1142 1994 et
1187 1955 1266 1995 ex
1297 1933 1566 2021 ingenio
1600 1933 1968 2014 restituere,
2008 1933 2132 1997 nisi
2166 1951 2244 1999 tu
2278 1935 2515 2000 editio-

373 2059 523 2099 nem
562 2037 832 2100 ursisses
849 2069 894 2102 u.
937 2074 1028 2086 -
1075 2037 1416 2101 Plautinus
1449 2062 1610 2102 vero·
1644 2039 1711 2101 in
1750 2061 1867 2102 sua
1900 2040 2081 2128 praef.
2121 2042 2511 2128 Antwerpiae

380 2141 726 2229 1566Udata
759 2165 962 2234 porro
991 2165 1174 2205 suam
1218 2142 1372 2206 edit.
1411 2142 1607 2206 tradit
1641 2160 1898 2209 auctam
1930 2168 2068 2208 esse
2108 2147 2251 2210 Car.
2290 2147 2515 2240 Igangii

369 2248 749 2312 liberalitate
770 2285 806 2325 ,ι
827 2248 944 2336 qui
983 2247 1196 2310 Plauti
1227 2249 1477 2337 priores
1507 2250 1691 2313 Com.
1726 2271 1879 2312 cum
1912 2251 2121 2316 tribus
2162 2252 2325 2316 MSS
2356 2275 2515 2318 con-

369 2356 644 2435 tulerat,
678 2379 757 2418 ex
801 2354 956 2420 Adr.
992 2355 1282 2418 Turnebi
1317 2354 1709 2420 Adversariis
1748 2373 1813 2419 et
1846 2358 2235 2421 transmissis
2284 2359 2406 2422 sibi
2435 2360 2516 2423 ab

371 2460 568 2524 Hadr.
603 2462 799 2524 Junio
837 2463 1199 2525 Observatt.
1225 2461 1479 2548 illisque
1509 2459 1786 2524 Gifanii:
1824 2460 1981 2523 hinc
2014 2463 2203 2524 variae
2239 2464 2412 2529 lectt.
2447 2466 2514 2528 in

357 2569 612 2656 ¹‘quibus
634 2569 859 2658 Langii
879 2569 1264 2658 exemplaria
1293 2568 1716 2634 consentiunt
1744 2568 2215 2649 SambucianiS,
2244 2571 2517 2659 margini

359 2665 744 2763 adscriptae,
779 2691 1023 2738 caeterae
1047 2675 1305 2763 Langii‚
1329 2674 1659 2756 Turnebi,
1687 2672 1866 2736 Junii
1904 2689 1970 2736 et
2015 2672 2307 2737 Gifanii
2288 2698 2357 2737 111
2386 2676 2516 2739 cal·-

367 2781 512 2844 'cem
541 2780 793 2860 rejectae
833 2783 1278 2869 reperiuntur.

457 2924 635 2936 ——
667 2887 1116 2976 Argentorati,
1151 2887 1343 2967 in·8‚
1377 2908 1526 2950 cum
1563 2885 1743 2974 praef.
1779 2887 1876 2950 Io,
1902 2885 2191 2950 Sturmii.
2412 2942 2417 2946 .

463 2991 656 3056 1568
677 2992 970 3073 Basileae,
1005 2992 1106 3054 in·
1113 2991 1190 3073 8,
1200 3002 1290 3054 ex
1323 2991 1492 3056 offic.
1532 2992 1813 3080 Hervag.
1840 3014 1955 3079 per
1976 2991 2214 3056 Euseb.
2241 2993 2513 3080 Episco-

361 3096 604 3186 ³pium.
641 3118 790 3159 cum
827 3096 1252 3160 annotation.
1313 3086 1665 3159 Camerarii
1712 3114 1775 3160 et
1816 3096 1993 3185 praef.
2035 3097 2134 3160 Jo.
2188 3096 2518 3213 Sambuci.
2542 3095 2545 3100 ’

367 3203 605 3268 Pareus
638 3225 778 3266 eam
809 3203 987 3267 Caelii
1025 3201 1308 3270 Secundi
1347 3203 1651 3267 Curionis
1691 3227 1829 3268 esse
1861 3201 2037 3267 dicit.

462 3309 632 3398 1576
648 3311 960 3392 Lutetiae,
983 3309 1096 3376 fol.
1129 3312 1224 3374 M.
1254 3311 1484 3374 Accius
1507 3310 1779 3374 Plautus
1798 3334 1878 3374 ex
1902 3309 2029 3374 fide
2057 3327 2257 3399 atque
2288 3330 2511 3377 aucto-

367 3417 554 3481 ritate
577 3418 1016 3506 complurium
1038 3417 1370 3516 librorum.
1387 3418 1989 3506 manuscriptorum
2022 3441 2217 3505 opera
2240 3419 2509 3507 Dionys,

364 3523 663 3587 Lambini
707 3522 1225 3587 Monstrolien‘sis
1278 3520 1659 3586 emendatus
1705 3544 1721 3586 ε
1772 3521 1855 3586 ab
1914 3521 2277 3610 eodemque
2340 3546 2513 3587 com·-
2554 3581 2559 3583 Α

367 3631 694 3694 mentariis
745 3631 1099 3718 explicatus
1128 3679 1144 3702 ‚
1195 3645 1255 3690 et
1323 3651 1502 3691 nunc
1549 3630 1838 3716 primum
1891 3629 1957 3690 in
2012 3628 2229 3692 lucem
2285 3628 2516 3696 editus.

366 3736 630 3817 Adjecta
655 3753 809 3800 sunt
838 3736 1132 3799 Plautina
1161 3735 1304 3798 loca
1327 3757 1406 3796 ex
1431 3735 1717 3821 antiquis
1738 3734 2171 3822 grammaticis
2208 3733 2511 3802 collecta:

367 3843 435 3907 et
461 3843 544 3908 ⁴e'x
575 3843 1050 3907 commentario
1083 3841 1502 3928 antiquarum
1538 3840 1891 3904 lectionum
1914 3841 1949 3902 J
1957 3841 2079 3902 usti
2112 3841 2309 3926 Lipsii
2336 3843 2517 3905 -mul'-

299 3969 310 3978 '
367 3967 588 4014 torum
627 3949 839 4014 Plauti
873 3952 1168 4015 locorum
1197 3947 1657 4011 illustrationes
1695 3963 1761 4010 et
1794 3944 2299 4009 emendationes.
2322 3947 2520 4012 Lute-

370 4054 509 4135 tiae,
537 4054 716 4141 apud
739 4057 929 4121 'Joan.
965 4056 1304 4120 Macaeum.
1337 4055 1415 4116 In
1447 4052 1614 4116 fine:
1658 4081 1683 4108 ιι
1704 4051 2087 4116 Excudebat
2114 4052 2211 4116 Jo.
2242 4052 2301 4116 le
2323 4054 2519 4117 Blanc

365 4161 610 4242 junior,
635 4162 945 4251 impensis
976 4165 1076 4229 Jo.
1103 4163 1319 4230 Macaei
1361 4159 1528 4248 1576
1551 4159 1925 4226 2›.-Lamb.
1961 4159 2131 4225 hanc
2162 4158 2513 4226 editionem
