3067 5017
609 415 751 496 412
1399 412 2003 494 TRINUMUS‚

607 559 784 605 MEG.
820 531 1038 605 Potin'
1071 547 1169 601 est
1211 533 1298 602 ab
1337 535 1557 602 amico
1590 533 1902 604 alicunde
1940 535 2475 634 exorariPcALt..
2514 540 2779 608 Potest.

604 675 774 720 Mne..
817 637 1086 720 Gerrael
1119 675 1224 720 nae
1250 664 1322 718 tu
1353 648 1522 719 illud
1558 651 1837 719 verbum
1871 652 2589 746 actutum2inveneris‚
2715 677 2775 718 31

597 792 640 851 ff«
667 761 841 831 Mihi
886 761 1158 855 quidem
1187 814 1204 845 ‚
1245 760 1510 848 hercle,
1548 787 1687 830 non
1724 777 1824 830 est
1856 761 2041 855 quod
2074 761 2225 830 dem
2260 777 2645 834 mutuum».

610 897 810 944 GALL.
847 870 1081 941 Malim
1105 926 1124 956 ‚
1175 871 1432 959 hercle,
1471 887 1549 940 ut
1592 897 1825 942 verum
1857 873 2039 941 dieas
2063 927 2081 960 ‚
2118 898 2320 966 quam
2352 888 2428 942 ut
2464 874 2577 942 des
2616 899 2775 944 mu-

904 997 1119 1051 tuum.

607 1117 783 1162 MEG.
814 1093 946 1162 Sed
975 1094 1126 1162 vide
1165 1093 1517 1162 consilium
1538 1149 1555 1179 ‚
1596 1094 1657 1161 si·
1682 1091 1920 1187 placet.
1944 1115 2143 1160 CALL.
2168 1090 2355 1178 Quid
2390 1091 2625 1162 consili
2644 1094 2781 1164 ’sti’

609 1229 786 1274 MEG.
837 1205 1132 1290 Scitum,
1182 1219 1278 1286 ut„
1319 1228 1446 1299 ego
1501 1206 1774 1298 opinor,
1834 1201 2193 1272 consilium
2255 1202 2505 1272 inveni.
2568 1229 2777 1276 GALL.

909 1313 1096 1404 Quid
1133 1315 1276 1384 est?
1317 1353 1330 1373 ι

2720 1335 2781 1374 35

611 1417 790 1492 ΜἘῦ.
827 1427 1052 1492 Homo
1089 1423 1508 1493 conducatur
1527 1422 1779 1518 ‘aliquis
1810 1424 1950 1517 ja'm
1978 1477 1997 1511 ‚
2036 1438 2371 1516 quantum
2416 1437 2673 1517 potest,

611 1533 826 1623 Quasi
864 1535 948 1602 sit
987 1535 1402 1628 peregrinus,
1436 1557 1638 1604 GALL.
1676 1534 1867 1621 Quid
1899 1536 1952 1602 is
1990 1535 2115 1602 scit
2146 1533 2365 1603 facere
2406 1534 2680 1626 postea?

613 1669 786 1714 MEG.
808 1650 872 1714 Is
887 1645 1090 1713 homo
1121 1659 1482 1713 exornetur
1504 1645 1825 1738 graphice
1855 1646 1925 1714 in
1942 1645 2369 1740 peregrinum
2392 1645 2695 1732 modum,

609 1759 901 1850 Ingnota
935 1755 1172 1842 facies,
1215 1781 1361 1850 quae
1398 1782 1538 1825 non
1580 1758 1845 1826 visitata
1888 1757 2008 1843 sit,

608 1865 1047 1953 Falsidicum‚
1087 1867 1557 1936 confidentem.
1598 1893 1799 1938 CALL.
1836 1867 2025 1956 Quid
2058 1880 2201 1935 tum
2238 1867 2519 1960 postea?
2702 1892 2765 1935 ⁴0

602 1997 781 2044 MEG.
821 1977 1033 2066 Quasi
1069 1976 1154 2044 ad
1199 1976 1693 2047 adulescentem
1728 2003 1769 2047 a
1810 1993 1999 2074 patre
2038 2003 2121 2046 ex
2164 1977 2461 2047 Seleucia

605 2087 857 2155 Veniat
880 2141 899 2172 ‚
933 2085 1215 2157 salutem
1253 2090 1312 2157 ei
1355 2090 1625 2158 nuntiet
1662 2090 1879 2158 verbis
1924 2089 2191 2182 patris,-

609 2194 811 2266 Illum
857 2197 1026 2264 bene
1065 2221 1294 2291 gerere
1341 2225 1519 2285 rem,
1566 2215 1636 2268 et
1677 2199 1897 2270 valere
1935 2215 2002 2270 et
2042 2199 2306 2293 vivere,

612 2310 705 2377 Et
736 2331 892 2374 eum
931 2307 1308 2377 rediturum
1347 2324 1672 2378 actutum.
1706 2314 1905 2380 Ferat
1941 2307 2257 2402 epistolas

605 2421 837 2504 Duas;
869 2442 978 2487 eas
1019 2443 1141 2487 nos
1177 2421 1682 2514 consignemus,
1714 2413 1905 2514 quasi
1950 2421 2083 2488 sint
2117 2443 2158 2486 a
2194 2432 2419 2512 patre;
2728 2437 2783 2481 4⁵

621 2530 758 2596 Det
799 2526 1081 2597 alteram
1125 2528 1262 2614 illi,
1298 2529 1479 2598 dicat
1523 2529 1802 2598 alteram
1840 2529 1964 2600 tibi
2614 2549 2621 2554 ·

617 2671 822 2718 cnseat,
843 2677 1007 2731 quem
1027 2659 1102 2713 sic
1112 2659 1520 2714 Lindemannus
1540 2675 1657 2715 ten·

617 2751 694 2792 tat
739 2757 924 2792 sanare
965 2757 980 2791 :
1023 2766 1046 2788 ι
1069 2741 1156 2792 Ab
1195 2741 1372 2793 amico
1407 2741 1655 2794 alicunde

615 2818 690 2870 mi
719 2831 1000 2890 argentum
1031 2837 1216 2890 rogem
1237 2845 1284 2872 ιι.
1319 2821 1653 2890 N.--Roges.

612 2899 800 2951 Malim
848 2898 953 2968 legi
985 2911 1156 2968 roget,
1195 2912 1256 2952 ut
1288 2899 1356 2954 ad
1394 2901 1656 2953 Lesboni-

621 2995 746 3031 cum
787 2979 1073 3043 referatur,
1114 2981 1268 3048 cujus
1311 2993 1426 3032 erat
1466 2979 1655 3034 dotare

621 3077 882 3112 sororem.
953 3058 1198 3111 Habebat
1263 3060 1410 3112 enim
1479 3059 1655 3113 adhuc

619 3155 835 3208 agrum,
878 3138 978 3189 sub
1023 3141 1174 3210 cujus
1215 3138 1441 3209 pignore
1491 3159 1657 3211 pecu·

620 3217 768 3270 niam
792 3231 982 3270 mutuo
1003 3237 1216 3272 sumere
1239 3222 1657 3292 poteranAtque

616 3298 692 3350 ita
719 3298 972 3350 convenit
1003 3296 1093 3364 id,
1131 3297 1280 3368 quod
1317 3298 1656 3370 Megaronidi

619 3377 838 3449 subjicit
872 3395 887 3430 :
950 3403 972 3424 -
993 3376 1167 3430 Potin’
1207 3391 1289 3431 est
1333 3380 1403 3432 ab
1455 3381 1655 3446 amico,

617 3470 716 3510 etc.
738 3483 760 3504 ι
791 3458 1010 3510 Pteron.

701 3535 796 3591 33.
831 3538 1035 3600 Malim,
1071 3537 1256 3601 lter-cle,
1301 3551 1408 3592 etc.
1463 3539 1657 3591 Malim

617 3617 689 3669 ob
731 3629 878 3670 tuam
924 3617 1309 3688 malignitatem
1356 3633 1420 3672 ut
1461 3637 1655 3672 verum

617 3695 763 3749 dicas
784 3734 798 3761 ,
829 3716 995 3768 quum
1026 3711 1080 3749 te
1109 3698 1245 3749 nihil
1272 3699 1472 3752 habere
1512 3719 1654 3770 pree-

619 3775 765 3829 dices
791 3815 808 3842 ,
865 3795 1028 3849 quam
1095 3791 1156 3830 ut
1215 3779 1477 3850 accipiam
1531 3799 1655 3831 mu·

617 3867 792 3910 tuum.
815 3857 994 3927 Fingit
1014 3857 1259 3911 Callicles
1282 3877 1338 3910 se
1361 3859 1657 3931 deneganti

614 3935 718 4004 ipsi
747 3935 1098 4008 respondere.
1127 3939 1196 3990 N.

695 4015 794 4068 36.
843 4017 1094 4084 Quantum
1119 4031 1298 4089 potest.
1331 4019 1418 4072 Cf.
1455 4020 1653 4074 Bacch.

612 4095 670 4147 11
691 4131 708 4156 ‚
759 4093 822 4159 3,
864 4114 887 4148 1
908 4102 998 4158 14.

691 4174 784 4242 39.
823 4175 952 4244 Qnae
996 4195 1092 4228 non
1137 4181 1344 4231 visitata
1389 4183 1468 4232 sic.
1517 4181 1652 4245 Quae

1743 2681 1859 2716 nou
1884 2679 2027 2731 saepe
2052 2661 2107 2714 in
2133 2661 2215 2714 his
2236 2660 2367 2714 locis
2386 2671 2675 2730 conspecta
2692 2660 2788 2713 sit.

1743 2740 1904 2812 Epid.
1931 2755 1983 2794 et
2009 2740 2207 2795 Pseud.
2235 2741 2319 2804 ΙΙ,
2348 2746 2398 2803 4.

1828 2828 1918 2884 40.
1946 2821 2251 2874 Falsidicum
2292 2817 2621 2888 confidentem.
2662 2819 2786 2873 Etsi

1742 2900 1929 2954 durius
1970 2901 2087 2953 haec
2132 2902 2413 2954 cohaere&
2444 2897 2789 2964 videbantur,

1716 2990 1918 3058 ‘tamen
1960 2981 2283 3052 scripturam
2326 2992 2457 3034 vett.
2493 2979 2630 3034 libb.
2686 2998 2788 3032 no·

1745 3060 1943 3114 luimus
1974 3073 2176 3114 temere
2205 3073 2443 3124 mutare,
2486 3059 2786 3129 prasertim

1744 3141 1840 3193 has
1878 3153 1958 3193 tot
2002 3141 2233 3212 syllabas
2259 3140 2501 3192 numeris
2526 3138 2789 3208 exigenti-

1742 3221 1863 3273 bus.
1888 3220 2109 3284 cmm.
2124 3251 2203 3264 -—
2220 3221 2342 3272 Non
2364 3217 2631 3272 debebant
2652 3231 2785 3272 vett.

1744 3299 1872 3352 edd.
1892 3301 2006 3354 haec
2036 3313 2245 3352 mutare
2274 3300 2333 3354 in
2349 3299 2639 3366 falsidicus,
2664 3317 2785 3350 con-

1736 3379 1991 3451 fidensqne
2010 3421 2025 3443 ,
2058 3393 2249 3434 contra
2273 3380 2407 3434 libb.
2436 3396 2784 3432 consensum·

1744 3459 2116 3535 Repetendum
2142 3473 2223 3512 est
2242 3461 2341 3512 ἀπὸ
2366 3465 2451 3513 τοῦ
2482 3464 2659 3514 κοινοῦ,
2688 3461 2786 3510 scit

1733 3541 1925 3607 facere.
1953 3543 2143 3610 Ignota
2170 3539 2331 3592 facies
2356 3539 2457 3590 scit
2476 3537 2671 3602 iacere,
2690 3549 2787 3590 aut

1744 3619 1873 3672 facit
1890 3653 1905 3681 ‚
1927 3619 2207 3674 hominem
2238 3617 2540 3674 falsidicum
2572 3629 2625 3672 et
2653 3635 2787 3670 con-

1744 3698 2019 3752 fidentem.
2053 3700 2226 3752 Boxu.
2254 3731 2336 3745 —--
2370 3699 2558 3753 Malim
2580 3697 2791 3752 intelli-

1746 3799 1871 3850 gere
1904 3780 2257 3842 conducamm,
2291 3779 2397 3832 nisi
2430 3797 2569 3832 unus
2596 3795 2788 3830 versus

1741 3861 1955 3931 >elapsus
1978 3860 2158 3912 fuerit.
2188 3860 2257 3913 N.

1832 3947 1925 4004 42.
1956 3939 2177 3992 Salutem
2210 3941 2427 4000 nuntia,
2467 3937 2672 3990 salutet.
2704 3967 2791 3978 --

1750 4019 1931 4072 Verbis
1950 4022 2126 4090 patris.
2154 4019 2355 4090 Amph.
2379 4018 2483 4082 ΙΙΙ,
2514 4019 2572 4082 3,
2609 4037 2631 4070 1
2649 4035 2701 4068 2.

1830 4099 1921 4164 45.
1965 4100 2330 4169 Con-signemus.
2374 4099 2521 4151 Infra
2570 4099 2641 4150 58
2663 4134 2677 4159 ‚
2736 4109 2795 4148 et

1746 4181 1939 4234 Bacch.
1956 4181 2063 4245 IV,
2087 4186 2149 4246 4,
2179 4185 2285 4246 64,
2312 4183 2407 4246 96.
