3067 5017
914 410 1258 480 Ac‘rus
1310 400 1397 494 v,
1441 413 1780 483 SCENA
1838 415 1945 482 Π.
2411 408 2504 508 75

360 530 680 624 Reperire
721 554 830 601 me
875 532 1113 619 siritis,
1159 532 1255 615 di,
1301 548 1606 607 vostram.
1638 536 1868 623 fidem,
2463 569 2513 597 ao

361 643 531 730 Quae
572 640 738 709 mihi
781 642 1108 736 subreptae
1147 659 1345 731 sunt,
1387 660 1456 714 et
1491 644 1714 743 fratris
1759 645 1997 716 filium.

359 754 489 827 Sed
533 754 684 821 heic
721 754 889 822 mihi
937 754 1224 824 antehac
1259 756 1502 851 hospes
1540 756 1933 826 Antidamas
1967 756 2113 825 fuit.

357 867 532 933 Eum
572 863 804 933 fecisse
835 865 1062 953 aiunt,
1107 866 1233 934 sibi
1271 868 1452 960 quod
1493 867 1881 937 faciundum
1928 867 2077 935 fuit.

356 972 521 1067 Ejus
563 974 778 1043 filium
815 974 962 1044 heic
1001 977 1368 1069 praedicant
1406 1002 1548 1047 esse
1583 976 2111 1072 Agorastoclem.

358 1086 583 1154 Deum
619 1084 1016 1179 hospitalem
1054 1112 1132 1155 ac
1167 1102 1479 1157 tesseram
1519 1113 1777 1157 mecum
1824 1088 2010 1156 fero:
2453 1106 2506 1145 2⁵

356 1197 436 1263 In
480 1193 660 1262 hisce
693 1194 998 1266 habitare
1037 1196 1498 1267 monstratu’st
1533 1197 1943 1293 regionibus,
2008 1231 2015 1236 ·

353 1308 495 1373 Hos
530 1306 1009 1398 percontabor,
1050 1309 1166 1399 qui
1211 1308 1346 1378 huc
1377 1308 1817 1403 egrediuntur
1854 1307 2055 1408 foraS.

823 1477 2018 1629 scENASECUNDA.

609 1698 2245 1841 AGORASTOCLES‚MILPH10‚·HANNO.

355 1962 574 2009 Aeon.
616 1939 768 2007 Ain’
803 1954 877 2008 tu
916 1942 1038 2009 tibi
1079 1941 1230 2010 dixe
1267 1944 1774 2044 Syncerastum,
1812 1942 2134 2060 Milphio,

352 2054 491 2119 Has
535 2074 676 2118 esse
714 2050 1056 2144 ingenuas
1073 2051 1302 2121 ambas
1343 2053 1813 2148 subreptitias

357 2154 1014 2253 Cartaginienseis?
1001 2186 1252 2233 MlLPH.
1293 2164 1460 2252 Aio,
1505 2177 1607 2249 et,
1646 2164 1697 2232 si
1741 2162 1917 2257 frugi
1954 2188 2094 2233 esse
2134 2164 2267 2251 vis,

355 2274 484 2339 Eas
519 2268 782 2339 liberali
819 2262 975 2364 jam'
997 2272 1260 2341 adseres
1297 2298 1497 2341 causa
1531 2298 1765 2341 manu.

351 2382 530 2451 Nam
576 2395 764 2449 tuom
803 2380 1228 2475 flagitium'st
1265 2397 1414 2451 tuas
1451 2381 1833 2477 populat-eis
1872 2397 1935 2449 te
1972 2384 2113 2476 pati
2482 2406 2505 2445 ⁵

354 2490 616 2559 Servire
643 2505 797 2558 ante
836 2489 1106 2576 ocul05,
1153 2491 1338 2560 domi
1375 2517 1522 2586 quae
1568 2491 1822 2560 fuerint
1861 2490 2111 2561 liberae.

353 2624 528 2672 HAN.
570 2600 731 2687 Pro,
768 2598 836 2668 di
876 2600 1319 2687 inmortaleis,
1351 2602 1627 2671 obsecro
1666 2616 1963 2671 vostram
2010 2600 2250 2671 fidem!
2282 2650 2291 2655 -

356 2714 556 2781 Creta
596 2725 694 2780 est
734 2710 1038 2805 profecto
1077 2712 1324 2780 horum
1372 2711 1732 2781 hominum
1770 2711 2008 2779 orati0.

439 2874 532 2928 23.
558 2876 778 2939 Fecisse,
808 2874 902 2926 sibi
937 2874 1072 2946 quod
1089 2875 1382 2941 faciundum
1457 2876 1674 2945 fregisse
1695 2873 1994 2940 dicebatur,
2022 2886 2085 2927 ut
2106 2874 2504 2940 Cistell.11,1,

347 2955 474 3022 suit.
527 2956 711 3009 Graece
758 2962 874 3007 κατ’
919 2957 1222 3026 εὐφημισμὸν
1279 2974 1382 3027 pro
1475 2975 1565 3027 ²7·
1601 2957 1854 3007 Bunmss.

356 3046 627 3088 mortuum
658 3052 784 3087 esse.
806 3027 1016 3087 Gnonf
1557 3038 1611 3089 8.
1637 3035 1803 3087 Creta.
1828 3035 1981 3104 Nego
2004 3046 2185 3085 cretam
2214 3052 2315 3105 per
2339 3053 2508 3106 appo·

444 3114 533 3167 25.
561 3114 823 3165 Tesseram.
848 3112 1005 3184 Apud
1021 3114 1268 3186 antiquos
1290 3116 1386 3167 ho·
1477 3114 1723 3166 sitionem
1774 3115 1917 3167 sumi
1958 3134 2061 3185 pro
2103 3133 2347 3167 sermone
2384 3134 2511 3168 can·

359 3193 514 3265 spitia
557 3206 712 3247 erant
757 3194 993 3265 privata,
1035 3214 1152 3265 quae
1199 3213 1390 3265 magna
1478 3192 1611 3246 dido
1632 3209 1685 3246 et
1714 3195 1903 3247 fausto.
1923 3195 2174 3247 Arbitror
2198 3195 2377 3264 potius
2396 3196 2513 3249 Ρω-

359 3286 473 3327 erat
507 3273 869 3327 necessitudo.
907 3274 1194 3345 Propterea
1235 3276 1390 3345 hospi·
1478 3292 1610 3325 num
1641 3272 1853 3338 dicere,
1894 3274 2189 3326 orationem
2225 3276 2510 3344 Agorasto-

363 3356 482 3405 tium
512 3371 748 3424 persaepe
775 3372 878 3423 pro
909 3356 1124 3407 amicitia
1149 3355 1391 3427 ponitur.
1480 3354 1575 3406 elis
1598 3367 1651 3407 et
1674 3352 2129 3424 Milph.eamdem
2150 3353 2259 3405 vim
2284 3354 2511 3421 habere,

360 3433 488 3485 Fuit
511 3447 688 3487 autem
712 3434 923 3503 antiqui
948 3437 1110 3487 moris
1139 3448 1391 3487 tesseram
1481 3452 1641 3505 quam
1664 3447 1865 3487 cretam
1885 3452 1898 3485 t
1916 3454 2041 3487 nam
2064 3446 2125 3485 ut
2145 3452 2203 3485 ea
2218 3434 2519 3487 emaculan-

358 3511 476 3565 dari
499 3514 803 3584 hospitibus
837 3511 1169 3567 dimidiatam
1187 3554 1200 3579 ,
1226 3532 1388 3585 quam
1481 3527 1569 3565 tur
1590 3528 1778 3577 vesteS,
1796 3514 1871 3566 sic
1894 3513 1984 3565 illa
2004 3532 2189 3565 omnes
2216 3515 2395 3566 animo
2414 3534 2511 3570 suo

299 3606 314 3620 *⁴
359 3594 684 3665 quicumque
707 3593 968 3646 attulisset
995 3593 1065 3647 ad
1092 3595 1392 3665 hospitem,
1479 3593 1687 3647 ablutas
1718 3591 1921 3647 sordes.
1945 3594 2065 3645 Jam
2094 3605 2239 3644 creta
2270 3592 2511 3653 sordidas

359 3674 616 3726 continuo
639 3672 858 3745 agnosci
880 3687 1056 3743 posset
1081 3686 1134 3727 et
1155 3674 1391 3745 hospitio
1481 3686 1652 3727 vestes
1702 3672 1920 3726 nitidari
1968 3671 2150 3725 solitas
2167 3712 2182 3738 ,
2232 3661 2400 3726 scitur
2420 3722 2427 3731 ,
2445 3694 2511 3752 ex

361 3753 566 3824 excipi,
599 3766 850 3825 tanquam
897 3754 1098 3806 amicus
1147 3766 1202 3806 et
1239 3766 1394 3806 vetus
1481 3753 1625 3807 Plin.
1656 3753 1891 3817 XXXV,
1944 3752 2009 3804 15
2043 3764 2097 3803 et
2131 3770 2215 3823 17.
2248 3754 2508 3808 Gauran-

359 3831 571 3903 hospes.
617 3833 736 3885 Hoc
771 3844 948 3885 autem
989 3835 1076 3903 jus
1106 3834 1392 3887 necessitu-
1483 3836 1562 3875 ·-‘-··
1602 3833 1689 3885 Sic
1721 3833 1983 3885 Gruterus
2008 3850 2075 3883 ex
2099 3850 2175 3885 vs.
2206 3849 2273 3885 10
2300 3848 2512 3887 senten-

362 3909 500 3965 dinis
541 3910 608 3964 ad
649 3926 890 3983 posteros
929 3913 1188 3965 transibat
1215 3931 1228 3965 ε
1258 3932 1386 3982 pro·
1479 3912 1608 3965 tiam
1628 3912 2027 3981 interpretatur.
2052 3911 2129 3964 At
2154 3914 2247 3984 qui
2276 3914 2413 3969 hanc
2435 3916 2514 3967 lo·
2564 3960 2569 3966 .

361 4004 544 4061 pterea
569 4003 790 4043 tesseram
808 3992 1088 4061 hospitalem
1103 3990 1388 4061 diligenter
1477 3992 1754 4045 cntionem
1800 4002 1931 4041 creta
1966 4004 2037 4042 est
2075 3992 2391 4064 audiebant,
2418 4012 2515 4065 po·-

363 4068 1053 4136 adservabaut.Quiautem
1067 4074 1152 4142 jus
1167 4072 1388 4143 hospitii
1477 4072 1583 4124 tuit
1628 4084 1679 4123 et
1716 4071 1870 4123 notio
1916 4072 2183 4124 felicitatis
2224 4075 2406 4126 venine
2456 4074 2515 4125 in

368 4150 628 4218 violabat,
661 4151 704 4204 is
729 4164 950 4204 tesseram
973 4152 1256 4223 hospitalem
1280 4172 1390 4203 con·
1477 4163 1713 4205 mentem
1741 4152 2147 4221 spectatoribus.
2185 4153 2335 4207 «Illa
2366 4152 2519 4224 prius
