3067 5017
686 439 829 537 276
1193 386 1197 393 ’
1522 440 1995 524 anons,

674 563 959 637 Dudum
1021 560 1370 631 dimidiam
1414 562 1688 656 petebas
1750 576 2034 656 partem.
2098 585 2358 635 utcu.
2415 566 2566 633 Imo
2623 568 2828 637 etiam

968 698 1153 742 nunc
1183 688 1363 768 peto-

675 810 874 856 Gnu’.
918 784 1078 853 Vidi
1138 798 1365 878 petere
1420 782 1746 870 milvum,
1801 782 2002 851 etiam
2043 808 2250 875 quom
2306 783 2475 853 nihil
2534 786 2830 857 auferret

961 907 1211 963 tamen.
2455 930 2466 943 =
2767 917 2819 956 ο.

670 1030 866 1077 ΒΕΜ.
896 1008 1055 1077 Non
1083 1028 1211 1098 ego
1244 1016 1309 1071 te
1338 1003 1760 1097 conprimere
1786 1028 2057 1097 possum
2093 1005 2236 1073 siue
2261 1004 2490 1075 malo?
2515 1030 2709 1081 Gan».
2747 1012 2820 1081 Si

964 1115 1117 1185 istic
1151 1127 1364 1200 tacet,

665 1230 815 1323 Ego
849 1227 1090 1297 tacebo
1125 1250 1140 1293 τ
1182 1225 1237 1294 si
1282 1224 1406 1293 iste
1438 1221 1774 1316 loquitur,
1829 1224 1974 1293 sine
2007 1250 2116 1293 me
2157 1249 2285 1319 pro
2323 1252 2398 1295 re
2443 1251 2597 1297 mea
2634 1244 2827 1324 parte

959 1335 1170 1430 loqui.

662 1471 854 1519 DAEM.
896 1446 1083 1517 Cedo
1111 1445 1316 1515 modo
1344 1444 1514 1513 mihi
1545 1445 1746 1513 istum
1775 1444 2081 1514 vidulum
2099 1500 2119 1534 ‚
2145 1446 2825 1541 Gripe.Ga1P.Con·

954 1555 1223 1625 credam
1262 1554 1409 1624 tibi.

659 1671 762 1737 At
797 1667 851 1736 si
884 1668 1167 1735 istorum
1207 1662 1376 1733 nihil
1414 1663 1539 1752 sit,
1582 1678 1658 1734 ut
1695 1665 1862 1735 mihi
1902 1606 2162 1736 reddas.
2207 1690 2404 1738 DAEM.
2439 1668 2812 1743 Reddetur.

957 1800 1147 1847 amp.
1185 1779 1398 1844 Tene.

659 1912 853 1959 ΒΕΜ.
905 1885 1087 1957 Audi
1142 1908 1324 1953 nunc
1355 1883 1535 1977 jam,
1576 1882 1888 1957 Palaestra
1951 1900 2156 1981 atque
2220 1887 2642 1983 Ampelisca,
2697 1891 2829 1961 hoc

702 2012 706 2015 ’
952 1994 1137 2089 quod
1181 1993 1443 2087 loquor.
2775 2022 2828 2063 οε

660 2110 868 2177 Estne
911 2105 1023 2174 hic
1058 2102 1360 2188 vidulus,
1398 2102 1517 2171 ubi
1554 2098 1880 2174 cistellam
1917 2120 2106 2176 tuam
2150 2106 2366 2177 inesse
2405 2108 2630 2177 aibas?
2659 2135 2820 2180 PAL.

956 2218 1024 2283 Is
1064 2228 1185 2285 est.

668 2350 861 2397 mul».
906 2324 1127 2412 Perii,
1156 2318 1413 2407 hercle,
1446 2347 1574 2417 ego
1612 2319 1852 2396 miseri
1889 2339 2002 2409 ut,
2045 2324 2436 2420 priusquam
2474 2324 2673 2421 plane
2704 2328 2822 2398 ad-

961 2432 1203 2527 spexit,
1246 2430 1450 2500 inlico

668 2546 845 2613 Eum
883 2567 1023 2613 esse
1059 2528 1267 2610 dixit!
1306 2564 1468 2610 Ρη..
1509 2543 1777 2611 Faciam
1817 2542 2146 2638 ego‘hanc
2175 2569 2329 2614 rem
2359 2546 2630 2641 planam
2660 2548 2821 2620 tibi:

667 2652 1017 2724 Cistellam
1046 2652 1231 2720 isteic
1260 2651 1472 2719 inesse
1501 2667 1769 2746 oportet
1795 2654 2173 2723 caudeam
2157 2681 2228 2723 m
2261 2656 2390 2724 isto
2434 2657 2685 2729 vidulo.

666 2766 777 2833 Ibi
810 2788 937 2859 ego
969 2762 1187 2831 dicam
1220 2760 1553 2879 quidquid
1587 2763 1787 2832 inerit
1821 2765 2262 2852 nominatim,
2290 2781 2366 2835 tu
2397 2770 2568 2837 mihi
2759 2796 2831 2838 ιο

668 2872 917 2946 Nullus
948 2850 1362 2942 ostenderis:
1402 2871 1460 2939 si
1493 2871 1656 2941 falsa
1698 2872 1959 2962 dicam,
1997 2874 2244 2945 frustra
2285 2876 2556 2966 dixer03
2637 2942 2643 2951 .

671 2991 815 3058 Vos
849 2999 1070 3053 tamen
1104 2982 1312 3069 istaec,
1359 2981 1692 3077 quidquid
1734 2982 1911 3053 illeic
1947 2984 2191 3072 inerit,
2214 2986 2404 3055 vobis
2439 2987 2792 3059 habebitis,

676 3094 808 3165 Sed
832 3096 891 3163 si
912 3107 1109 3165 erunt
1138 3116 1327 3178 vera,
1360 3106 1507 3161 tum
1531 3094 1812 3165 obsecro
1837 3110 1902 3165 te
1921 3146 1942 3184 ,
1964 3109 2039 3165 ut
2066 3121 2213 3165 mea
2239 3097 2406 3167 mihi
2439 3098 2830 3171 reddantur.

971 3226 1175 3273 nam,
1208 3202 1454 3273 Placet.

679 3322 800 3387 Jus
834 3340 1096 3385 merum
1132 3338 1317 3401 oraS,
1365 3338 1514 3382 meo
1562 3313 1831 3407 quidem
1893 3317 2142 3387 animo.
2188 3340 2442 3388 TRACH.
2495 3322 2590 3389 Ac
2639 3313 2830 3410 mee,

970 3422 1217 3494 hercle.

772 3646 859 3699 80.
897 3642 1033 3695 Vidi.
1059 3639 1196 3693 Vidi
1225 3641 1469 3693 milvium
1502 3654 1714 3712 captate
1801 3661 1893 3695 1³11.
1926 3643 1992 3696 Et
2036 3660 2208 3696 meam
2245 3650 2456 3715 partem
2487 3646 2746 3712 loquendi
2777 3661 2832 3701 et

685 3722 943 3796 predam,
968 3738 1072 3775 neo
1097 3733 1275 3773 tamen
1294 3739 1505 3790 capere.
1530 3722 1709 3773 Luni.
1802 3731 1946 3774 tuam
1975 3720 2130 3775 trado
2157 3723 2260 3775 tibi
2277 3750 2326 3776 ι.
2347 3724 2470 3777 Mil.
2489 3726 2595 3791 111,
2626 3746 2650 3779 1
2675 3748 2688 3777 ε
2721 3753 2745 3774 ι
2763 3730 2834 3780 In

774 3806 807 3858 8
817 3822 869 3855 2.
903 3804 1003 3854 Pro
1036 3821 1088 3853 re
1125 3819 1229 3851 mea
1258 3812 1403 3871 parte
1439 3800 1588 3871 loqui.
1627 3800 1714 3853 Sic
1802 3800 2184 3855 commoditate
2234 3804 2497 3856 abstinere
2547 3824 2638 3859 me
2685 3805 2837 3877 apud

689 3881 1042 3937 Academicus
1062 3898 1079 3932 ε
1112 3879 1189 3933 sic
1225 3880 1485 3933 Gruterus
1521 3877 1710 3935 edidit,
1802 3882 2057 3935 convivas
2089 3882 2371 3935 commode
2395 3886 2762 3938 commemini
2781 3899 2838 3939 ct

686 3964 883 4017 Parcus
928 3962 983 4017 τὸ
1015 3972 1161 4030 parte
1202 3972 1379 4013 censet
1412 3959 1709 4012 insititiam.
1800 3977 1932 4014 meae
1961 3961 2216 4013 orationis
2240 3964 2435 4033 justam
2469 3976 2676 4035 partem
2701 3985 2832 4037 per·

682 4040 1096 4103 Rittershnsins,
1127 4050 1293 4109 parte.
1316 4039 1527 4093 Scribe:
1559 4058 1710 4091 meam
1797 4040 2020 4110 nequi».
2040 4040 2225 4095 Giton..

678 4134 887 4192 purtem.
912 4119 1120 4173 Asinar.
1142 4120 1253 4182 111,
1290 4138 1313 4173 ι
1341 4136 1355 4171 :
1390 4144 1413 4166 ιι
1436 4121 1580 4189 Ergo
1603 4137 1710 4171 una
1882 4127 1975 4189 94.
2000 4121 2092 4173 Jus
2115 4140 2292 4173 merum
2311 4142 2442 4175 oras.
2467 4124 2628 4177 Most.
2651 4125 2760 4189 111,
2781 4144 2834 4191 ι,

682 4220 805 4273 pars
828 4199 1085 4254 orationis
1106 4196 1175 4251 de
1204 4197 1291 4251 die
1316 4197 1532 4253 dabitur
1555 4198 1706 4251 mihi.
1808 4217 1828 4250 1
1843 4199 1915 4254 52
1930 4238 1945 4264 ,
1969 4212 2022 4255 et
2045 4200 2142 4253 inf.
2167 4218 2244 4255 vs.
2272 4204 2394 4256 108.
