3067 5017
675 396 813 489 [²7²
903 424 911 429 -
1336 398 2160 481 TRUCULEN‘rus,

674 518 892 587 Dulce
929 534 1131 611 atque
1162 542 1463 587 amai-um
1498 518 1664 615 quid
1701 520 1786 588 sit
1829 543 1914 586 ex
1953 521 2278 612 pecunia:
2621 570 2630 575 .
2757 541 2800 581 ,ς

672 632 777 697 Ita
814 652 939 721 ego
979 625 1157 695 illam
1180 680 1201 711 ‚
1238 626 1504 721 edepol,
1536 653 1788 697 servem
1817 682 1838 714 ‚
1879 630 2104 722 itaque
2145 653 2346 723 parce
2384 629 2712 719 victitem,

666 740 766 807 Ut
810 735 990 805 nulla
1026 737 1227 805 faxim
1268 737 1363 806 cis
1396 738 1535 806 dies
1578 763 1828 833 paucos
1867 740 2010 807 siet.

662 852 812 943 Ego
852 850 1049 931 ἰεῑοε,
1092 850 1211 942 qui
1247 874 1427 917 nunc
1460 876 1568 917 me
1606 848 1917 945 culpant,
1961 850 2471 920 confutaverim.

665 958 796 1029 Sed
830 974 928 1027 est
970 960 1151 1028 vocis
1188 975 1319 1045 sat;
1366 961 1585 1029 sentio
1627 961 1876 1055 aperiri
1919 959 2162 1047 forei5‚

660 1070 834 1158 Quae
868 1068 1235 1139 obsorbent
1265 1068 1596 1163 quidquid
1625 1070 1808 1139 venit
1836 1071 2013 1138 intra
2051 1068 2374 1163 pessulos.
2755 1091 2800 1129 ³0

1178 1297 1622 1387 SCENA
1685 1296 2305 1413 QUARTA.

1113 1525 1712 1595 PHRONESIUM
1733 1576 1754 1608 ,
1809 1524 2364 1595 DINARCHUS.

646 1740 813 1787 Pan.
852 1719 1035 1787 Num
1068 1716 1191 1785 tibi
1222 1740 1415 1803 nam,
1454 1716 1730 1815 amabo,
1759 1714 2062 1809 janua’st
2103 1716 2386 1785 mordax
2431 1742 2612 1804 mea,

649 1826 809 1915 Quo
846 1827 1126 1895 introire
1162 1842 1456 1910 metuas,
1496 1851 1644 1895 mea
1687 1825 2052 1920 voluptas?
2097 1850 2243 1895 Dm.
2287 1830 2430 1896 Ver
2468 1826 2654 1895 vide:

653 1941 753 2008 Ut
787 1951 929 2005 tota
961 1935 1188 2008 floret!
1225 1952 1301 2005 ut
1332 1932 1503 2006 olet!
1543 1952 1618 2005 ut
1649 1937 1859 2006 nitide
1893 1932 2095 2005 nitet!

655 2071 827 2117 me.
866 2045 1008 2135 Qui
1044 2061 1183 2115 tam
1224 2046 1533 2116 inficetus
1571 2052 1833 2117 Lemno
1868 2047 2268 2132 adveniens,
2299 2048 2419 2141 qui
2464 2062 2598 2139 tuae

656 2160 813 2229 Non
851 2156 965 2226 des
1004 2158 1273 2244 amicae,
1306 2154 1457 2255 [mi]
1489 2158 1877 2243 Dinarche‚
1913 2156 2217 2227 savium?
2769 2182 2791 2221 s

654 2290 801 2336 nm.
837 2266 990 2353 Vah
1018 2262 1031 2335 !
1074 2265 1319 2360 vapulo
1340 2320 1360 2349 ‚
1394 2264 1654 2352 hercle,
1687 2292 1814 2361 ego
1853 2292 2034 2337 nunc
2059 2320 2080 2353 ,
2111 2281 2315 2363 atque
2351 2267 2522 2337 adeo
2556 2264 2746 2340 male.

651 2399 819 2446 Pan.
858 2376 1016 2465 Quo
1053 2389 1119 2445 te
1158 2375 1505 2445 avertisti?
1536 2401 1692 2448 nm.
1735 2376 1934 2461 Salva⁸
1975 2378 2099 2464 sis,
2136 2378 2602 2448 Phronesium.

654 2509 821 2555 Pnn.
854 2484 1082 2573 Salve;
1120 2485 1357 2555 heicne
1394 2485 1600 2555 hodie
1641 2510 1905 2568 coenas,
1937 2483 2152 2555 salvos
2195 2511 2401 2579 quom
2435 2485 2752 2555 advenis?

658 2620 807 2665 nm.
840 2595 1146 2665 Promisi.
1186 2619 1355 2665 Pan.
1385 2596 1524 2666 Ubi
1559 2596 1853 2665 coenabis
1891 2594 2009 2664 tu?
2039 2621 2183 2667 mn.
2218 2597 2352 2667 Ubi
2388 2612 2462 2665 tu
2494 2598 2790 2689 jusseris:

653 2707 840 2776 Heie.
870 2731 1035 2776 pun.
1069 2711 1185 2777 Me
1222 2704 1495 2774 lubente
1538 2705 1760 2776 facies,
1800 2730 1951 2775 nm.
1992 2703 2288 2799 Edepol,
2321 2730 2428 2774 me
2463 2708 2698 2801 magiS.
2747 2736 2792 2762 ιο

644 2820 906 2910 Nempe
943 2831 1015 2885 tu
1061 2819 1191 2885 eris
1225 2815 1423 2884 hodie
1460 2841 1763 2903 meeum,
1802 2842 1943 2885 mea
1986 2817 2455 2886 Phronesium.

643 2952 809 2997 PER.
846 2927 1099 3011 Velim,
1130 2927 1184 2993 si
1224 2926 1369 2995 fieri
1414 2930 1642 3020 possit.
1686 2952 1839 2998 Dm.
1883 2928 2071 2998 Cedo
2099 2927 2312 2995 soleas
2344 2926 2559 2994 mihi:

735 3106 826 3159 25.
856 3105 946 3157 Ex
977 3108 1201 3175 pecunia.
1238 3103 1385 3169 Quid
1418 3122 1482 3156 ex
1511 3122 1676 3176 peeu-
1853 3124 1902 3165 ι.
1921 3104 2087 3156 Ianua
2113 3104 2176 3155 'st
2195 3103 2417 3156 mordas.
2446 3102 2531 3156 Cf.
2559 3101 2783 3156 Mostell.

650 3186 740 3239 nia
777 3184 987 3236 homini
1025 3185 1154 3237 oriri
1189 3184 1380 3255 possit,
1412 3183 1598 3248 dulce,
1631 3184 1676 3237 si
1763 3184 1875 3248 111,
1904 3204 1965 3242 α,
2005 3188 2132 3237 162.

624 3266 763 3336 ,ipse
791 3264 933 3334 frugi
965 3264 1150 3330 fuerit,
1180 3282 1419 3316 amarum
1436 3303 1452 3329 ,
1481 3265 1529 3317 si
1557 3284 1677 3335 pro·
1849 3270 1902 3326 4.
1927 3266 2104 3317 Lemno
2129 3263 2402 3315 adveniens.
2420 3260 2567 3315 Vide
2589 3260 2784 3315 Cistell.

644 3344 815 3416 digus.
850 3345 923 3396 N.
1766 3344 1852 3406 II,
1889 3362 1939 3407 1,
1973 3348 2063 3396 16.

737 3445 830 3496 ²7·
869 3423 937 3475 Ut
966 3424 1100 3474 malla
1119 3424 1303 3491 faxim.
1336 3424 1505 3475 Jocus
1533 3423 1675 3494 παρὰ
1849 3425 1900 3474 6.
1932 3422 2155 3491 Vapulo,
2179 3422 2352 3475 victus
2377 3440 2519 3487 sum,
2541 3418 2696 3474 dietis
2713 3438 2785 3472 sa·

644 3502 970 3574 προσὸυκιίοιν.
1005 3504 1360 3573 Exspectahat
1400 3504 1544 3555 enim
1580 3520 1674 3554 au·
1761 3501 1964 3571 gittatie
1987 3520 2081 3555 cor
2107 3503 2314 3555 feritur.

642 3582 806 3641 ditor,
838 3597 899 3635 ut
922 3583 1081 3652 plane
1100 3583 1425 3635 contrarium
1446 3582 1674 3653 subjice·
1852 3600 1876 3633 1
1893 3599 1940 3635 ι.
1963 3582 2040 3633 Tu
2071 3586 2163 3633 eris
2191 3582 2332 3633 hodie
2359 3599 2552 3631 mecum.
2579 3579 2779 3631 Varro:

639 3677 739 3716 ret.
767 3663 851 3715 Cis
877 3664 979 3714 dies
992 3680 1174 3732 paucos
1200 3676 1371 3715 autem
1390 3701 1407 3726 ,
1435 3676 1511 3713 est
1536 3664 1676 3714 intra
1772 3686 1796 3707 ι
1813 3660 2054 3714 Violnvit
2079 3662 2371 3732 virginem,
2402 3679 2505 3731 pro
2521 3692 2538 3719 ‚
2565 3658 2780 3721 vitiavit,

640 3742 806 3796 breve
844 3756 1075 3812 tempus,
1111 3741 1444 3813 propediem.
1480 3742 1670 3795 Tun.
1765 3740 2016 3793 dicebant
2047 3762 2060 3791 ε
2107 3760 2258 3813 aeque
2299 3739 2485 3792 eadem
2535 3738 2780 3792 modestia

626 3854 712 3890 ἱ·-
745 3820 1067 3893 Huiusmodi
1093 3823 1240 3892 jocos
1264 3821 1447 3893 plures
1467 3820 1674 3873 videbis
1759 3820 1973 3891 potius,
2004 3820 2140 3873 Cum
2168 3820 2392 3872 muliere
2416 3820 2606 3883 fuisse,
2626 3836 2776 3891 quam

643 3900 838 3955 Bacch.
872 3901 955 3954 111
973 3939 989 3964 ,
1018 3908 1068 3963 4.
1232 3900 1237 3907 “
1761 3900 2124 3953 Concubuisse
2145 3927 2192 3950 ι..
2219 3900 2400 3952 Gnou.

725 3980 813 4033 30.
848 3980 1139 4033 obsorbent.
1177 3980 1447 4032 obsorbere
1480 3992 1560 4032 est
1585 3992 1668 4033 to·
1845 3998 1934 4031 ιι.
1985 3980 2124 4033 Cedo.
2166 3980 2340 4031 soleas.
2403 3980 2538 4031 Date
2588 3978 2774 4040 soleas;

640 4070 753 4111 tum
776 4060 1009 4112 sorbere.
1028 4061 1160 4113 Tale
1182 4072 1261 4111 est
1282 4058 1429 4130 apud
1448 4060 1664 4113 Terent.
1753 4061 1901 4130 qnasi
1948 4060 2054 4130 jam
2101 4078 2294 4111 mensae
2341 4056 2661 4111 adcubuerit
2677 4096 2700 4119 ,
2728 4067 2776 4107 et

639 4139 779 4193 Eun.
817 4165 842 4189 ‹-
870 4140 1047 4194 Patrin
1066 4140 1418 4209 obligas-ieras
1440 4140 1589 4193 hona
1614 4165 1661 4193 ι.
1751 4138 1868 4193 haee
1915 4127 2169 4193 ministris
2211 4136 2582 4191 convivalibus
2616 4135 2780 4211 dicet.
