3067 5017
850 390 1189 459 ACTUS
1239 393 1408 477 ΙΙΙ,
1459 393 1795 462 SCENA
1846 395 1977 461 IV.
2352 392 2493 467 253

346 516 576 585 Postea
600 512 936 607 adspicito
960 538 1182 582 meum
1203 566 1222 599 ,
1241 514 1512 607 quando
1535 538 1661 609 ego
1691 529 1883 582 tuum
1914 514 2403 609 inspectavero,
2445 539 2497 579 ει,

347 628 487 696 Nisi
525 626 653 694 erit
683 640 816 693 tam
855 624 1185 693 sincerum
1207 677 1224 710 ,
1256 640 1330 692 ut
1365 625 1584 717 quivis
1612 623 1791 694 dicat
1821 624 2262 719 ampullarius

297 783 304 793 -
346 739 718 829 Optumum
753 758 894 801 esse
923 758 1128 827 opere
1153 732 1470 802 faciundo
1503 735 1798 817 corium,
1829 750 1895 803 et
1922 736 2489 813 sincerissumum.

343 846 522 935 Quid
537 870 756 913 causae
770 846 1065 938 est,quin
1088 843 1292 937 virgi's
1314 859 1378 911 te
1394 870 1604 937 usque
1624 844 1708 912 ad
1724 846 2141 913 saturitatem
2168 847 2491 917 sauciemi’

342 956 521 1047 Quid
550 954 698 1024 illas
736 954 1035 1048 spectas?
1067 978 1232 1047 quas
1263 956 1316 1022 si
1354 954 1671 1049 adtigeris
1692 1008 1710 1039 ,
1743 954 1973 1023 oculos
2002 957 2280 1050 eripiam
2311 957 2453 1028 tibi.

343 1092 541 1137 LABR.
586 1066 825 1159 Atqui,
872 1064 1029 1159 quia
1068 1080 1282 1149 vetaS‚
1323 1080 1677 1159 utramque
1699 1066 1837 1158 jam
1866 1091 2131 1135 mecum
2160 1066 2490 1153 abducam

629 1176 861 1245 simul:
1706 1260 1711 1266 ι
2438 1199 2489 1239 55

339 1310 525 1357 DAEM.
564 1286 749 1376 Quid
788 1284 1034 1355 facies?
1070 1310 1275 1354 LABR.
1306 1284 1683 1355 Volcanum
1730 1285 2057 1355 adducam
2080 1339 2097 1372 ,
2126 1286 2183 1355 is
2205 1289 2489 1359 Veneris

627 1413 727 1466 est
761 1396 1205 1465 advorsarius.

343 1531 528 1577 DAEM.
583 1509 746 1597 Quo
793 1505 930 1574 illic
967 1504 1064 1574 it?
1102 1529 1307 1575 LABR.
1349 1508 1575 1591 Heu3,
1630 1505 1857 1599 ecquis
1906 1504 2057 1573 heic
2102 1505 2245 1575 est?
2286 1504 2484 1576 heus!

629 1640 826 1687 DAEM.
862 1617 933 1687 Si
969 1615 1286 1709 adtigeris
1319 1616 1604 1702 ostium,

339 1730 516 1814 Jam,
549 1726 809 1813 hercle,
848 1726 970 1794 tibi
1005 1726 1232 1794 messis
1263 1725 1332 1793 in
1375 1751 1490 1793 ore
1529 1725 1643 1797 fiet
1676 1726 1927 1821 mergis
1964 1726 2268 1819 pugneis.

342 1862 494 1907 Lon.
526 1836 809 1908 Nullum
835 1836 1157 1932 habemus
1187 1837 1446 1931 ignem,
1493 1835 1637 1905 ficis
1675 1837 2054 1917 victitamus
2086 1836 2311 1905 aridis,

341 1972 526 2018 DAEM.
563 1950 709 2043 Ego
748 1948 922 2016 dabo
967 1948 1228 2041 ignem,
1267 1946 1596 2040 siquidem
1634 1946 1699 2013 in
1734 1948 1951 2041 capite
1987 1962 2107 2015 tuo
2152 1946 2488 2015 conflandi

630 2056 944 2151 copia'st.
1481 2120 1502 2135 ,
2433 2079 2486 2117 σο

340 2190 538 2238 LABR.
574 2168 734 2253 Ibo,
756 2166 1006 2248 hercle,
1035 2164 1260 2260 aliquo
1294 2166 1718 2259 quaeritatum
1746 2166 2226 2261 ignem212AEM.
2263 2168 2487 2258 Quid,

627 2302 833 2371 quom
874 2278 1209 2344 inveneris
1237 2275 1266 2343 Ρ

339 2408 536 2455 LABR.
568 2391 804 2480 Ignem
849 2410 1167 2479 magnum
1205 2386 1358 2453 heic
1401 2382 1656 2464 faciani.
1694 2410 1887 2455 DAEM0
1919 2388 2104 2474 Quin
2144 2401 2219 2455 ut
2252 2388 2491 2455 huma-

626 2521 791 2565 num
831 2520 1067 2564 exuras
1106 2496 1247 2564 tibi.

343 2630 536 2676 mna.
573 2611 721 2675 Imo
750 2607 955 2681 hasce,
973 2607 1204 2675 ambas
1240 2607 1388 2674 heic
1417 2607 1484 2673 in
1530 2629 1681 2691 ara,
1719 2620 1796 2674 ut
1821 2605 2047 2691 vivaS,
2074 2608 2489 2677 comburam.

625 2740 825 2787 DAEM.
876 2717 956 2787 Id
1009 2716 1204 2785 volo:

1457 2882 1618 2933 litore
1655 2900 1766 2933 sese
1798 2880 2108 2935 obtulerunt
2134 2881 2312 2952 ignem
2351 2901 2493 2953 quae-

1456 2962 1662 3013 ritanti.

1542 3039 1635 3095 58.
1672 3040 1863 3110 Met-gis
1886 3046 2111 3111 pugneis.
2144 3041 2305 3095 Conf.
2338 3040 2485 3093 Poen.

417 2885 507 2938 51.
559 2884 916 2954 Ampullarius.
956 2884 1066 2948 Qui
1109 2882 1370 2954 ampullas

339 2964 481 3017 corio
510 2964 722 3034 integit.
755 2963 1025 3027 Posterior
1062 2976 1188 3015 aetas
1222 2982 1366 3015 scor-

337 3056 442 3097 teae
461 3044 726 3115 ampullas
741 3043 964 3096 vocabat
975 3044 1210 3113 pilascas.
1233 3040 1360 3096 Isid.

336 3124 518 3195 glossae
558 3142 570 3175 ε
613 3123 812 3174 Pilasca
832 3164 846 3185 ,
895 3142 983 3173 vas
1033 3125 1268 3174 vinarium
1306 3142 1366 3173 ex

337 3207 478 3256 corio.
552 3199 764 3255 Graecis*
817 3204 984 3255 ὅλπαι.
1057 3201 1368 3255 Scholiastes

337 3284 566 3335 Theocr.
616 3284 898 3335 Phar-mac.
939 3283 1064 3339 ὄλπη
1113 3284 1286 3353 κυρίως
1328 3282 1359 3338 ἡ

336 3358 608 3433 &capparim
633 3364 846 3423 λέκυθος·
878 3362 1006 3414 hinc
1025 3362 1198 3414 lucem
1224 3360 1368 3430 capit

336 3443 566 3495 Plautus.
596 3443 774 3495 Varro
802 3460 816 3494 ε
855 3469 876 3489 ι
899 3441 1263 3511 Antiquissimi
1306 3440 1360 3491 in

337 3522 594 3575 conviviis
623 3534 766 3574 utres
803 3522 914 3573 viui
949 3521 1155 3591 primo,
1179 3532 1361 3591 postea

339 3602 469 3654 tinas
509 3602 782 3671 ponebant
808 3626 856 3653 υ.
905 3601 1104 3652 Lucill.
1150 3603 1364 3671 tergium

338 3682 476 3733 calix.
517 3682 590 3733 -Et
631 3681 842 3733 Polluci
883 3682 1031 3741 ἀσκὸς
1071 3680 1213 3733 inter
1244 3698 1364 3731 vasa

335 3761 442 3813 vini
473 3759 777 3814 conditoria
803 3774 894 3813 est.
925 3762 1150 3815 Wouw.

418 3839 504 3893 53.
521 3838 760 3893 Sauciem.
785 3839 1159 3892 Paronomasia
1178 3842 1364 3890 satiem.

419 3920 510 3973 56.
541 3920 812 3971 Volcanum
839 3918 1100 3973 adducam.
1133 3918 1366 3971 Mostell.

345 3998 414 4062 V,
453 4018 506 4059 1,
543 3999 638 4052 65.

422 4080 512 4147 57.
547 4080 734 4150 Ecquis
777 4078 878 4129 heic
918 4084 1032 4129 est?
1064 4080 1215 4148 Ipsas
1241 4078 1368 4129 Dae-

345 4159 510 4212 monis
551 4156 692 4211 mdes
733 4156 894 4223 adiit,
925 4158 1124 4229 quaein
1162 4156 1370 4211 deserto

1455 3122 1532 3186 V,
1566 3141 1592 3173 2
1612 3160 1628 3185 ,
1666 3119 1756 3173 58.

1540 3204 1625 3253 60.
1659 3197 1907 3271 Siquidem
1932 3204 1983 3252 in
2012 3220 2122 3270 cap.
2152 3200 2240 3253 Cf.
2273 3200 2485 3271 Captiv-

1455 3280 1573 3343 111,
1606 3284 1669 3343 4,
1710 3280 1801 3331 65.
2182 3308 2187 3315 -

1541 3363 1635 3411 62.
1660 3358 1725 3409 Ut
1744 3359 1999 3411 humanum
2018 3378 2194 3429 exteras
2225 3358 2331 3411 tibi.
2364 3358 2485 3411 Ma-

1453 3439 1529 3503 lo,
1560 3440 1889 3490 «humanum
1916 3457 2103 3491 exuras
2127 3438 2221 3491 tibi
2248 3464 2295 3503 n,
2324 3457 2487 3509 quam

1453 3538 1664 3570 manum.
1745 3520 1869 3569 Non
1943 3517 2083 3570 enim
2119 3570 2126 3577 ,
2166 3518 2288 3569 satis
2362 3518 2488 3571 mali

1452 3610 1764 3669 precaretur
1786 3598 1991 3662 lenoni,
2012 3598 2054 3649 si
2075 3615 2262 3649 manus
2277 3596 2485 3649 cladem

1453 3678 1641 3749 potius
1660 3718 1673 3740 ‚
1693 3695 1854 3746 quam
1883 3689 2106 3728 mortem
2132 3688 2359 3746 optaret.
2382 3676 2489 3729 Fe«

1457 3770 1567 3809 stus
1598 3768 1775 3808 autem
1814 3756 2027 3819 scribit,
2064 3756 2343 3807 Humanum
2379 3775 2489 3809 esse

1457 3836 1781 3889 sacrificium
1804 3876 1817 3899 ,
1865 3832 2011 3905 quod
2070 3835 2275 3888 mortui
2331 3854 2488 3889 causa

1458 3917 1568 3969 fiat.
1613 3914 1790 3985 Ergo,
1832 3934 2030 3966 eaeurere
2064 3915 2159 3967 sihi
2202 3916 2489 3981 humanum,
2555 3972 2563 3976 ,

1459 4010 1536 4049 est
1566 4015 1621 4048 se
1651 4013 1875 4047 exurere
1910 4013 1923 4047 ε
1965 3995 2009 4046 si
2037 3996 2155 4065 quis
2182 4009 2358 4047 tamen
2389 4016 2493 4046 ma-

1459 4095 1571 4127 num
1603 4072 1876 4139 defendit,
1909 4094 1937 4127 a
1960 4094 2045 4127 me
2076 4096 2184 4129 non
2215 4094 2495 4147 oppugna-

1460 4156 1627 4208 bitur.
1650 4154 1837 4207 Tum«.
