3067 5017
578 395 725 481 614
1204 399 1305 464 M.
1358 381 1650 468 Accu
1700 396 2078 467 PLAUTI

576 519 842 584 scholia.
889 518 1185 585 Anselmi
1224 518 1688 608 Epiphyllides.
1725 520 1802 583 In
1845 519 1975 583 fine
2005 541 2024 583 ε
2075 546 2102 573 ι
2136 519 2382 583 Parmae
2425 520 2572 583 DX.
2611 542 2716 608 ap.

578 624 923 689 Octavium
953 623 1329 689 saladinum
1354 656 1401 689 n.
1458 660 1550 673 ·-
1577 626 1822 692 Textus
1853 640 1950 691 est
1995 624 2320 712 repetitus
2347 644 2428 695 ex
2460 624 2722 711 Pyladis

576 730 867 794 editione
894 754 911 795 ι
944 754 1067 795 nec
1096 730 1686 797 animadversiones
1707 732 1924 820 magni
1947 730 2718 799 aestimatTaubmannus.

574 835 723 900 vid.
766 836 991 901 Goetzii
1022 838 1221 903 Mem.
1253 838 1415 903 Bibl.
1440 836 1672 903 Dresd.
1711 838 1774 919 1,
1807 860 1952 925 pag.
1987 840 2076 923 94
2101 858 2201 924 sq.

674 945 791 1007 151
808 966 835 1005 1
876 943 1184 1026 Venetiis,
1209 943 1319 1009 fol.
1343 966 1496 1007 cum
1518 943 2181 1009 commentationibus
2195 944 2389 1007 Bern.
2417 942 2722 1007 Saraceni

580 1063 647 1111 et
676 1048 730 1111 J.
760 1048 834 1113 P.
866 1048 1082 1116 Vallae.

666 1188 843 1205 --·-
860 1152 1286 1219 Bononiensis
1311 1202 1331 1235 ‚
1382 1152 1496 1219 fol.
1543 1176 1699 1221 cum
1737 1153 2000 1242 caatigg.
2049 1166 2116 1217 et
2158 1152 2726 1221 retractationibus.

578 1253 615 1316 J
618 1300 635 1317 .
668 1255 737 1317 Β.
773 1254 893 1319 Pii.

666 1396 847 1409 ---
889 1360 1157 1448 Lipsiae,
1188 1362 1302 1427 fol.

668 1502 846 1515 --—
891 1466 1305 1555 Argentorati
1324 1513 1343 1547 ,
1364 1465 1533 1544 in-4.
1561 1465 1769 1530 Plauti
1799 1464 2132 1531 Aulularia
2151 1514 2170 1547 ,
2195 1488 2232 1529 a
2261 1464 2484 1531 Codro
2510 1466 2727 1531 Urceo

580 1570 867 1660 perfecta
906 1594 1057 1635 cum
1096 1570 1389 1635 familiari
1416 1570 1892 1658 explanatione.
1924 1571 2338 1660 Argentorati
2373 1572 2444 1635 in
2477 1570 2728 1641 aedibus

592 1680 1059 1743 Schurerianis.

880 1810 929 1852 a.
962 1786 1003 1852 l.
1040 1790 1103 1865 4.
1142 1788 1446 1869 Quatuor
1486 1785 1699 1850 Plauti
1745 1785 2096 1859 Comoediae
2117 1834 2136 1867 ,
2178 1800 2624 1851 memorantur
2655 1785 2728 1847 in

589 1892 789 1958 Catal.
816 1894 980 1957 Bibl.
1002 1892 1463 1959 Schwarzianae
1506 1889 1674 1979 1753
1705 1890 1962 1957 Altorfii
1999 1891 2343 1957 divenditae
2363 1938 2383 1974 ,
2421 1914 2488 1955 n.
2523 1889 2730 1973 1810,

578 2022 725 2089 pag.
770 2001 913 2067 108.

681 2104 847 2171 1512
896 2105 1124 2193 Lipsiae
1146 2152 1164 2187 ,
1200 2104 1313 2169 fol.

892 2211 1255 2276 Daventrioe
1274 2260 1291 2293 ‚
1348 2210 1520 2289 ἐπι-4.
1559 2210 1768 2275 Plauti
1799 2211 2126 2279 Aulularia
2157 2234 2308 2277 cum
2343 2212 2494 2275 Ant.
2526 2209 2732 2275 Codri

584 2315 776 2379 Urcei
820 2314 1289 2405 supplementis
1338 2316 1678 2403 separatim
1735 2315 1906 2385 edita
1953 2318 2232 2387 refertur
2279 2339 2316 2383 a
2357 2338 2732 2404 possessore

583 2423 731 2511 ipso
770 2423 1085 2489 Fabricio.
2033 2470 2040 2479 -

678 2528 847 2593 1513
892 2530 1120 2618 Lipsiae
1145 2578 1165 2611 ‚
1190 2529 1303 2593 fol.
1337 2529 1495 2593 min.
1524 2529 1736 2593 Plauti
1758 2529 2142 2618 lepidissimi
2167 2544 2376 2619 poetae
2401 2527 2732 2593 Aulularia

584 2637 667 2701 ab
686 2636 979 2701 Antonio
1004 2634 1221 2703 Codro
1234 2636 1469 2711 Urceo‚
1497 2634 1850 2721 utriusque
1863 2636 2102 2724 linguoe
2117 2635 2491 2700 doctissimo
2513 2634 2734 2723 pristi-

584 2764 684 2805 nae
716 2744 942 2807 formae
978 2741 1318 2830 diligenter
1364 2741 1687 2822 restituta3
1721 2740 1889 2807 illius
1925 2741 2101 2807 enim
2148 2740 2300 2836 finis·
2333 2758 2521 2805 antea
2558 2739 2732 2804 desi-

586 2846 953 2911 derabatur.
990 2844 1219 2932 Lipsiae
1262 2867 1380 2932 per
1414 2844 1755 2909 Melchior.
1803 2844 2043 2909 Lotter.
2083 2882 2172 2901 —
2211 2845 2360 2913 Vid.
2406 2845 2732 2933 Freytagii

584 2951 893 3017 Analecta
924 2951 1091 3015 liter.
1124 2965 1171 3014 t.
1205 2952 1295 3026 ΙΙ,
1325 2973 1388 3038 p.
1428 2947 1617 3027 1334.

742 3116 749 3124 .
882 3060 944 3134 4.
978 3056 1193 3121 Plauti
1226 3056 1562 3121 Aulularia
1595 3078 1748 3121 cum
1783 3058 2242 3146 supplemento
2297 3056 2502 3125 Codri
2537 3060 2734 3124 Urcei

587 3186 705 3253 per
744 3164 840 3227 so.
872 3160 1109 3227 Prfisk.
1142 3162 1249 3227 Sic
1283 3161 1531 3225 Harles.
1565 3177 1611 3225 t.
1639 3164 1702 3244 Ι,
1726 3185 1788 3250 p.
1827 3163 1980 3228 213.

684 3268 849 3346 1514
903 3268 1189 3350 Parisiis»,
1214 3269 1326 3333 fol.
1352 3267 1453 3333 ed.
1486 3270 1542 3333 J.
1568 3272 1749 3359 Bapt.
1776 3270 1876 3335 Pii
1899 3271 2170 3359 repetita
2197 3270 2456 3359 (forsan
2473 3294 2562 3337 ex
2581 3273 2730 3339 Jod.
2777 3338 2784 3343 ,

586 3374 767 3441 Badii
796 3374 1087 3440 Ascensii
1111 3374 1562 3463 typographeo
1587 3372 1888 3463 prodiit.)

1146 3593 1428 3662 AETAS
1490 3594 1561 3663 II
1620 3588 1802 3665 1513
1831 3634 1928 3651 -·-
1963 3588 2169 3664 1551.

672 3797 876 3882 Cujus
909 3796 1232 3884 principes
1271 3795 1453 3862 fuere
1490 3798 1672 3867 Simo
1713 3784 2218 3887 Charpentarius
2253 3798 2732 3889 (Char-pentier)

584 3920 651 3967 et
670 3903 814 3967 Nic.
844 3900 1185 3990 Angelius»,
1217 3901 1669 3986 Buccinensis,
1700 3926 1986 3992 quorum
2011 3904 2119 3969 ille
2148 3903 2412 3993 quidem
2432 3907 2733 3971 Saraceni

586 4026 654 4074 et
684 4008 783 4071 Pii
818 4006 1173 4071 editionem
1216 4006 1349 4071 fere
1383 4026 1698 4097 sequutus
1727 4058 1746 4091 ,
1779 4033 1985 4099 quum
2039 4010 2178 4098 ipse
2223 4010 2403 4078 MSS.
2445 4031 2730 4097 careret,

582 4136 805 4181 versus
838 4112 904 4175 in
943 4113 1173 4179 melius
1206 4114 1527 4180 ordinavit
1567 4116 1633 4179 in
1683 4116 1786 4185 ed.
1823 4118 1956 4181 sive
1990 4116 2410 4206 Lugdunensi
2441 4118 2575 4185 sive
2609 4120 2731 4191 Pa..
