3067 5017
1253 408 1366 478 IN
1414 409 2016 481 POENULUM.
2664 436 2713 507 9

563 532 835 607 Nomen
868 530 1012 625 jam
1047 530 1338 619 habetis;
1382 556 1565 601 nunc
1610 534 1898 602 rationes
1937 547 2204 603 caeteras
2662 557 2710 599 ⁵⁵

565 638 878 733 Adcipite
906 666 922 708 ε
956 652 1114 709 n'am
1157 657 1635 735 argumentum
1668 643 1801 713 hoc
1842 644 1993 713 heic
2020 642 2425 717 censebitur.

561 750 782 817 Locus
815 751 1212 842 argumento
1227 747 1536 821 'st'suom
1576 752 1701 821 sibi
1741 754 2191 846 proscenium.

564 863 706 928 Vos
731 859 1065 952 juratores
1096 862 1290 947 estis3
1323 886 1581 955 quaeso,
1628 860 1907 956 operam
1947 864 2118 935 date.

562 968 1176 1063 Carthaginienseis
1215 969 1452 1053 fratres
1489 971 1851 1065 patrueleis
1893 972 2027 1041 duo
2134 1012 2137 1014 Δ

561 1082 815 1167 Fuere,
863 1082 1126 1149 summo
1171 1093 1414 1175 genere
1455 1096 1526 1150 et.
1562 1082 1843 1151 summis
1880 1081 2174 1152 divitiis:
2664 1108 2717 1145 oo

561 1192 820 1257 Eorum
857 1187 1024 1258 alter
1056 1190 1262 1277 vivit,
1302 1189 1472 1259 alter
1507 1208 1605 1260 est
1644 1208 2012 1261 emortuuS.
2527 1178 2531 1188 ¹

560 1303 928 1392 Propterea
965 1299 1162 1393 apud.
1188 1325 1302 1369 vos
1339 1300 1492 1369 dico
1528 1301 2015 1388 confidentiUS,

567 1409 752 1496 Quia
787 1408 954 1476 mihi
990 1408 1352 1503 pollinctor
1386 1411 1585 1499 dixit,
1624 1414 1739 1506 qui
1782 1438 1935 1481 eum
1974 1412 2396 1507 pollinxerat.

570 1517 708 1587 Sed
745 1515 844 1585 illi
877 1520 1054 1604 seni,
1087 1520 1203 1613 qui
1241 1536 1551 1591 mortuus
1586 1536 1687 1591 est
1708 1574 1728 1604 ,
1761 1521 1939 1590 filius

569 1627 828 1697 Unicus
863 1629 979 1722 qui
1014 1628 1272 1717 fuerat,
1307 1629 1648 1699 abditivus
1684 1657 1723 1699 a
1760 1644 1985 1724 patre,
2670 1646 2718 1685 ⁶⁵
2769 1649 2773 1658 “

568 1742 746 1808 Puer
781 1742 1166 1833 septuennis
1209 1740 1582 1834 subripitur
1616 1740 2062 1834 Carthagine,

567 1849 900 1917 Sexennio
940 1849 1112 1944 priu’
1148 1848 1454 1942 quidem,
1491 1875 1693 1943 quam
1740 1850 2029 1919 moritur
2063 1862 2273 1942 pater.

573 1958 918 2046 Quoniam
967 1960 1242 2053 periisse
1280 1959 1406 2027 sibi
1445 1960 1631 2028 videt
1674 1976 1953 2053 gnatum
1998 1959 2314 2041 unicum,

573 2067 954 2161 Conjicitur
990 2068 1128 2161 ipse
1169 2070 1239 2136 in
1272 2070 1585 2137 morbum
1624 2094 1705 2137 ex
1748 2068 2165 2164 aegritudine.
2688 2148 2695 2155 ,

573 2178 762 2249 Facit
799 2176 996 2247 illum
1039 2177 1372 2247 haeredem
1409 2179 1685 2248 fratrem
1725 2179 2097 2274 patruelem
2124 2202 2343 2247 suum.
2674 2212 2722 2249 70

575 2390 1033 2464 pultiphngonidae
1053 2416 1076 2439 ι
1093 2430 1106 2442 .
1125 2392 1304 2456 Quam
1317 2392 1603 2445 lectionem

578 2489 684 2525 nec
711 2471 944 2541 probare
981 2488 1198 2541 possum
1215 2508 1231 2535 ,
1254 2490 1420 2541 quum
1443 2472 1605 2523 nimis

1686 2391 1857 2444 celant
1877 2390 2141 2443 homines.
2166 2390 2297 2443 Vox
2316 2392 2559 2443 Romana
2590 2388 2721 2441 civi-

1687 2483 1793 2524 tate
1832 2470 2060 2533 donata,
2106 2483 2165 2522 ut
2209 2470 2486 2539 Pmlogtcs,
2537 2468 2720 2521 antelo-

581 2552 743 2621 longe
775 2550 991 2602 abeat·a
1017 2549 1211 2621 scripta
1241 2550 1470 2603 lectione
1495 2570 1607 2603 om·
1684 2556 1819 2620 glum
1836 2566 1861 2616 ‚·
1886 2551 2113 2619 elogium.
2140 2549 2343 2602 Gms.
2360 2550 2576 2603 -·-Suom
2602 2549 2717 2601 sibi.

580 2632 733 2683 nium
759 2626 1026 2682 codicum.
1051 2629 1204 2683 Idem
1229 2648 1412 2683 sensus
1428 2642 1607 2683 manet

1688 2629 1901 2701 Captiv.
1929 2630 2075 2683 Prol.
2108 2627 2161 2683 5.
2194 2629 2439 2683 Gifanius
2466 2628 2721 2699 intelligit

580 2728 646 2764 ex
670 2708 884 2779 vulgata
914 2726 929 2761 ε
965 2734 987 2757 α
1007 2708 1196 2762 Latine
1229 2711 1482 2775 Plautus,
1511 2730 1606 2781 pa·
1681 2714 1985 2780 proscenium
2033 2728 2131 2781 per
2186 2709 2518 2762 catachresin
2582 2707 2718 2760 illud

579 2803 731 2843 truns
747 2788 1278 2859 pultiphagouides».
1294 2788 1607 2843 Carchedo-

577 2870 704 2922 nius
725 2868 913 2923 Graece
936 2881 1160 2922 vocatur
1185 2870 1300 2922 haec
1325 2867 1606 2935 comoedia,

579 2949 776 3003 Latine
805 2948 1024 3001 Plautus
1037 2988 1054 3013 ‚
1073 2947 1344 3017 inscripsit
1373 2949 1577 3003 scilicet
1591 2986 1608 3012 ‚

585 3055 612 3079 ι
630 3040 858 3101 patruus
887 3028 1356 3099 pultiphagonides
1384 3054 1407 3075 ι
1429 3068 1446 3093 ,
1483 3029 1527 3081 ·i.
1558 3048 1607 3083 e.

593 3134 618 3158 a
637 3121 862 3178 patruus
909 3108 1160 3160 Poenulus
1191 3133 1242 3161 ι.
1289 3108 1412 3179 Non
1461 3107 1611 3161 enim

579 3189 680 3241 soli
710 3187 1012 3259 pultiphagi
1039 3187 1296 3255 Romani,
1333 3187 1426 3241 sed
1449 3188 1608 3241 etiam

580 3268 756 3321 Poeni.
782 3266 946 3319 Unde
966 3266 1128 3337 pultis
1147 3286 1316 3337 genus
1333 3266 1480 3339 apud
1509 3268 1610 3321 Ca-

583 3361 804 3410 tonem,
826 3346 914 3399 cui
937 3364 1138 3399 nomen
1162 3347 1370 3401 Punica.
1406 3349 1581 3400 Sum.

667 3428 697 3480 5
709 3427 760 3479 5.
775 3426 1010 3479 Rationes
1031 3439 1247 3479 coeteras.
1267 3426 1430 3491 Quod
1447 3438 1611 3479 restat

583 3505 654 3558 de
693 3506 992 3559 rationibus
1035 3502 1398 3566 declarandis.
1443 3520 1504 3558 ut
1548 3506 1612 3559 fit

586 3586 646 3637 in
667 3602 848 3637 censu.
877 3585 964 3637 Sic
995 3586 1266 3655 Augustus
1297 3586 1613 3655 conscripsit

594 3689 618 3711 ιι
635 3664 986 3717 rationarium
1017 3664 1232 3735 imperii
1254 3690 1304 3717 ι.
1339 3667 1458 3719 Hoc
1483 3666 1611 3719 loco

585 3742 955 3813 metaphoram
993 3757 1150 3814 poeta
1187 3745 1377 3799 sumsit
1417 3764 1447 3799 a
1487 3763 1611 3797 cen-

586 3842 650 3877 su
671 3862 686 3889 ,
731 3834 792 3875 nt
817 3822 1019 3877 Cistell.
1044 3824 1071 3873 I
1089 3863 1104 3889 ,
1150 3825 1180 3879 3
1201 3862 1220 3889 ,
1251 3830 1352 3887 40,
1399 3844 1430 3878 a
1469 3843 1613 3878 com·

586 3900 820 3975 putandi
847 3921 1018 3956 more.
1061 3903 1130 3956 N.

671 3982 762 4052 57.
801 3982 1127 4035 Proscem'um.
1169 3984 1248 4034 Ita
1273 3983 1487 4035 Lucret.
1519 3984 1621 4047 IV,

1690 2788 1839 2861 quod
1870 2788 2026 2841 datur
2064 2800 2191 2841 ante
2217 2781 2357 2859 (πρὸ)
2396 2788 2633 2841 fabulam
2664 2789 2721 2840 in

1692 2888 1851 2923 scena
1936 2867 2238 2939 agendam3
2326 2867 2718 2921 duriusculum.

1691 2948 1782 3001 An
1805 2960 1965 3019 poeta
1991 2948 2203 3003 voluit:
2236 2972 2259 2995 ι
2284 2960 2348 3000 ut
2380 2946 2525 3018 apud
2554 2948 2726 3000 tribu-

1692 3030 1779 3081 nal
1808 3046 2091 3081 censorum
2118 3028 2261 3079 bona
2292 3027 2494 3079 civium
2518 3012 2727 3079 censeri

1692 3108 1896 3172 solent,
1946 3107 2025 3161 sic
2082 3119 2401 3177 argumento
2458 3104 2723 3159 censendo

1690 3188 1843 3240 locus
1866 3198 1947 3240 est
1973 3186 2201 3239 idoneus
2222 3185 2567 3258 proscenium
2592 3210 2613 3231 ι
2640 3190 2663 3235 1³

1778 3268 1871 3320 58.
1896 3266 2001 3317 Vos
2026 3268 2273 3335 juratores
2310 3269 2439 3317 estis.
2484 3265 2611 3317 Non
2644 3276 2723 3317 te·
2762 3322 2767 3327 ,

1692 3360 1825 3409 stes,
1868 3344 1963 3399 sed
1994 3364 2238 3399 censores
2266 3344 2399 3398 dicti
2419 3344 2720 3414 juratores,

1694 3426 1788 3497 qui
1803 3423 2151 3499 jurejurando
2174 3423 2459 3494 adigebant
2477 3423 2535 3474 in
2558 3442 2725 3476 censu

1696 3506 1855 3559 cives.
1884 3504 2028 3557 Vide
2070 3522 2189 3575 quae
2230 3504 2465 3556 diximus
2496 3502 2727 3559 observ,

1697 3586 1803 3649 IV,
1828 3584 1879 3637 3.
1897 3584 2133 3638 Pessime
2152 3582 2473 3637 Dissaldaeus
2494 3587 2725 3635 viatores.

1697 3665 1877 3719 Gnon.
1936 3693 2015 3706 ——-
2070 3664 2283 3733 Operam
2334 3664 2443 3717 dat.
2502 3664 2727 3717 Curcul.

1697 3746 1780 3809 11,
1810 3765 1865 3809 2,
1898 3762 1953 3812 9.
2560 3760 2565 3768 ⁴

1714 3868 1721 3875 .
1785 3825 1879 3877 65.
1907 3823 2173 3876 Abditivus
2194 3862 2209 3883 ,
2256 3823 2355 3894 qui
2380 3822 2553 3877 crevit
2574 3840 2602 3873 a
2632 3841 2729 3893 pa-

1709 3914 1791 3955 tre
1820 3914 2109 3973 separatus.
2142 3902 2211 3955 N.

1798 4001 1884 4052 70.
1931 3981 2185 4046 Fratrem,
2242 3980 2337 4049 qui
2389 3998 2514 4032 mox
2558 3980 2738 4033 veniet

599 4064 775 4116 1180:
810 4061 1158 4117 ·Postscenia
1182 4054 1625 4133 vitae»,eleganti
1716 4058 2053 4131 Calydonem
2116 4070 2183 4113 'et
2244 4077 2363 4111 suas
2434 4058 2539 4109 sibi
2603 4059 2739 4111 filias

589 4142 882 4195 tralatione
929 4142 1165 4212 appellat
1217 4141 1452 4195 actiones
1495 4160 1625 4211 quas
1716 4140 1997 4209 filiumque
2026 4140 2201 4193 fratris
2224 4149 2487 4208 agnoscet.
2520 4138 2587 4190 N.
2695 4201 2697 4204 Ι
