3067 5017
644 397 789 482 464
1300 399 2129 486 TRUCULENTUS‚

639 525 860 617 Nugae
896 534 1088 603 sunt,
1125 519 1253 586 nisi
1282 518 1465 612 quod
1500 520 1708 588 modo
1737 545 1941 615 quom
1981 520 2277 609 dederit,
2317 519 2478 591 dare
2511 523 2655 616 jam
2694 521 2784 592 lu·

933 631 1091 699 beat
1124 629 1365 696 denu0.

632 748 698 812 Is
742 758 1007 812 amatur
1044 741 1191 809 heic
1237 738 1419 834 apud
1464 765 1625 827 nos,
1672 740 1832 833 qui,
1877 739 2062 833 quod
2097 738 2322 820 dedit,
2367 740 2438 809 id
2481 741 2784 810 oblitu’st

930 853 1183 919 datum.

634 967 819 1033 Dum
860 963 1105 1030 habeat
1130 1014 1149 1047 ‚
1206 975 1347 1029 tum
1389 973 1605 1046 amet3
1661 960 1779 1027 ubi
1821 959 1994 1028 nihil
2031 960 2311 1048 habeat,
2349 959 2558 1029 alium
2603 987 2778 1056 quae-

928 1089 1106 1141 stum
1147 1072 1409 1165 coepiat.

632 1187 851 1278 AEquo
888 1183 1115 1251 animo
1139 1233 1159 1268 ,
1201 1183 1339 1274 ipse
1377 1182 1429 1249 si
1466 1179 1636 1248 nihii
1675 1179 1957 1266 habeat,
1996 1179 2141 1250 aliis
2178 1183 2297 1276 qui
2334 1182 2620 1270 habent,
2665 1183 2776 1252 det

692 1362 699 1370 ,
926 1293 1167 1362 locum.

628 1405 887 1476 Probus
912 1418 1008 1472 est
1036 1416 1321 1484 amator,
1350 1401 1465 1494 qui
1499 1399 1752 1469 relictis
1781 1400 1982 1469 rebus
2015 1425 2158 1468 rem
2195 1401 2420 1494 perdit
2460 1425 2672 1470 suam.
2727 1421 2779 1460 2⁵

630 1523 719 1586 At
754 1541 878 1583 nos
917 1513 1089 1583 male
1122 1537 1321 1606 agere
1355 1511 1721 1605 praedicant
1751 1513 1879 1578 viri
1918 1511 2129 1580 solere
2165 1535 2421 1598 secum,

630 1629 906 1721 Nosque
942 1649 1081 1692 esse
1116 1647 1397 1691 avaras:
1435 1647 1692 1717 quaeso‚
1739 1647 1901 1690 num
1947 1622 2065 1717 qui
2109 1621 2284 1690 maie
2342 1647 2469 1690 nos
2517 1625 2778 1718 agimus

924 1734 1194 1803 tandem
1219 1732 1248 1801 Ξ)
1903 1743 1918 1757 “

624 1851 797 1918 Nam
818 1901 838 1932 ‚
869 1858 1163 1927 ecastor,
1194 1866 1538 1935 nunquam
1576 1843 1733 1910 satis
1771 1842 1957 1911 dedit
1992 1868 2125 1911 suae
2156 1844 2511 1937 quisquam
2545 1846 2774 1912 amicae

920 1968 1221 2037 amator3

625 2067 899 2157 Neque,
946 2061 1095 2157 pol,
1130 2064 1289 2131 satis
1328 2061 1752 2156 adcepimuS‚
1789 2088 2005 2156 neque
2039 2062 2175 2131 ulla
2209 2065 2366 2132 satis
2404 2066 2728 2158 poposcit.

624 2179 799 2247 Nam
833 2172 1103 2268 quando
1137 2172 1377 2241 sterilis
1416 2188 1515 2241 est
1551 2189 1812 2242 amator
1855 2199 1892 2242 a
1931 2173 2136 2258 datis,
2175 2174 2568 2269 inprobu’st.
2718 2203 2772 2242 ³0

624 2287 693 2356 Si
733 2301 931 2380 negat
972 2309 1040 2354 se
1076 2285 1325 2353 habere
1359 2284 1544 2379 quod
1590 2284 1739 2370 det,
1785 2282 1909 2352 soli
1956 2285 2492 2379 pernoctandum
2509 2285 2609 2354 ’st.

626 2401 767 2466 Nec
808 2398 963 2464 satis
998 2395 1410 2489 adcipimus‚
1456 2396 1614 2463 satis
1657 2420 1902 2487 quom,
1949 2395 2130 2488 quod
2175 2393 2321 2479 det,
2365 2420 2498 2462 non
2540 2396 2765 2463 habet.

624 2511 899 2600 Semper
943 2506 1205 2574 datores
1250 2531 1460 2574 novos
1498 2520 1766 2598 oportet
1803 2531 2136 2599 quaerere,

622 2619 760 2706 Qui
795 2617 875 2685 de
912 2617 1240 2685 thesauris
1276 2617 1550 2709 integris
1589 2616 1908 2703 demunt,
1951 2617 2234 2684 danunt.

620 2727 825 2798 Velut
871 2728 979 2796 hic
1018 2726 1297 2820 agrestis
1338 2741 1436 2793 est
1468 2724 1888 2811 adulescenS,
1928 2730 2043 2821 qui
2089 2727 2238 2796 heic
2275 2727 2518 2814 habet,
2713 2747 2764 2785 ³⁵

617 2841 873 2922 Nimis,
910 2837 1062 2932 pol,
1104 2835 1407 2904 mortalis
1446 2835 1747 2930 lepidus«,
1779 2839 2112 2932 nimisque
2155 2839 2406 2932 probus
2445 2838 2664 2908 dator.

621 2949 750 3020 Sed
789 2951 882 3036 is,
920 2947 1090 3016 clam
1131 2960 1359 3040 patre,
1404 2947 1607 3014 etiam
1646 2947 1823 3016 hanc
1867 2964 2135 3016 noctem
2177 2947 2330 3016 illac

617 3067 742 3132 Per
779 3059 1051 3128 hortum
1096 3055 1450 3125 transilivit
1485 3057 1569 3124 ad
1609 3083 1730 3125 nos
1766 3084 1781 3126 :
1816 3083 1972 3126 eum
2007 3057 2161 3126 volo
2199 3057 2579 3127 convenire.

619 3172 749 3241 Sed
786 3184 882 3239 est
924 3170 1085 3237 huic
1118 3193 1290 3238 unus
1327 3193 1554 3238 servos
1599 3168 2179 3255 violentissumuS,

703 3385 795 3422 21.
830 3367 969 3418 Dare
992 3368 1127 3438 jam,
1164 3378 1267 3420 etc.
1298 3365 1457 3419 Conf.
1484 3365 1640 3418 Asin.
1729 3365 2050 3436 profitentur
2094 3384 2124 3418 a
2168 3364 2414 3418 debitore
2457 3366 2760 3420 cautionem

611 3453 675 3516 1,
712 3450 778 3512 3,
818 3451 907 3500 16.
1730 3447 2055 3519 locupletem
2097 3446 2382 3518 accepisse.
2429 3446 2496 3498 Et
2539 3465 2616 3498 vs,
2655 3449 2757 3512 28,

700 3529 791 3582 23.
832 3527 1000 3580 Alium
1040 3537 1302 3597 quoestum,
1343 3525 1487 3579 unde
1530 3526 1645 3579 for-
1729 3529 1849 3578 satis
1889 3527 2025 3578 dedic
2057 3525 2249 3578 eodem
2295 3524 2484 3578 ordine
2525 3525 2592 3577 ad
2639 3526 2760 3579 satis

611 3623 764 3678 tunae
793 3607 1065 3660 instauret.
1733 3604 1970 3658 dandum
1997 3606 2322 3676 pertinebat,
2344 3605 2382 3658 i.
2409 3623 2454 3658 e.
2485 3607 2758 3659 cautiones

702 3690 793 3740 25.
822 3687 1003 3748 Rebus,
1042 3685 1291 3756 negotiis.
1310 3719 1388 3731 -·
1411 3687 1531 3738 Rem
1567 3686 1645 3740 fa·
1731 3686 2062 3760 praebendas.
2089 3685 2159 3738 N.

613 3769 900 3820 miliat-em.
1817 3767 1903 3819 31.
1929 3766 2038 3819 Soli
2050 3763 2431 3836 pernoctandum
2446 3765 2533 3831 ἐι,
2559 3785 2757 3836 perno-

696 3865 788 3915 29·
816 3846 989 3918 Neque
1027 3847 1149 3896 satis
1194 3845 1498 3916 adcepimus,
1534 3859 1638 3898 etc.
1730 3859 1837 3900 ctet
1861 3849 2078 3900 absente
2102 3845 2292 3898 amica.

607 3929 721 3981 Nee
765 3944 827 3978 ea
869 3926 1206 3978 excusatione
1252 3939 1512 3978 coutentae
1550 3945 1641 3978 su·
1813 3928 1906 3980 35.
1929 3927 2058 3978 Heio
2083 3927 2242 3978 habet.
2271 3926 2393 3978 Aul.
2417 3925 2567 3980 Prol.
2597 3927 2652 3978 5.

612 4026 760 4070 mus,
792 4005 939 4076 quod
980 4025 1091 4058 non
1126 4005 1316 4058 habeat
1357 4004 1492 4077 quid
1525 4005 1636 4059 det.
1810 4008 1903 4060 36.
1924 4007 2102 4060 Nimis.
2129 4005 2326 4078 Amph.
2351 4007 2396 4070 1,
2434 4025 2484 4068 ι,
2515 4006 2606 4060 58.

605 4085 769 4140 Ludit
794 4088 851 4140 in
880 4105 1035 4139 sensu
1064 4085 1354 4138 locutionis
1373 4086 1635 4158 legitimo.
1808 4076 1897 4154 39.
1955 4087 2108 4140 Unus.
2165 4087 2301 4139 Unus
2351 4103 2454 4157 pro
2516 4083 2750 4157 quidam.

600 4168 739 4221 Nam
763 4167 886 4220 satis
908 4164 1176 4237 accipiunt
1200 4166 1255 4218 in
1277 4168 1428 4236 jure,
1459 4167 1556 4239 qui
1577 4185 1634 4220 se
1724 4165 1866 4218 Vide
1897 4167 2045 4219 Poen.
2065 4167 2140 4232 V,
2176 4187 2226 4220 2.
