3067 5017
294 487 487 510 m
494 485 569 508 Μ
578 480 1414 513 mmmmm-nom
1421 485 1602 506 mm
1606 483 1789 506 mm
1799 487 1881 505 un
1885 486 2246 512 mmmm
2251 481 2338 513 ..ὸς
2343 483 2434 514 ψ’..

426 694 1199 834 PRAEFATIO
1265 725 1466 830 AD
1508 719 2314 892 ΒυΤῐι-ΙυΜᾳ

1021 941 1039 972 0

1422 1049 1767 1082 *—

290 1271 640 1410 Romu,
664 1323 1041 1392 venerande
1076 1347 1336 1418 semper
1363 1325 1622 1417 magnis
1651 1322 1993 1412 laudibus,
2015 1329 2132 1422 qui
2172 1328 2290 1400 das
2318 1334 2438 1403 ho·

282 1462 591 1517 noratam
626 1448 953 1541 quietem,
985 1472 1187 1542 quam
1217 1447 1513 1516 dicamus
1548 1447 1824 1518 ludicris
1845 1501 1864 1537 ‚
1887 1450 2063 1520 inter
2093 1457 2438 1548 proximos

282 1588 352 1642 et
392 1573 807 1666 propinquos
864 1571 1121 1641 honore
1165 1571 1443 1666 dignum
1497 1587 1738 1666 putem,
1787 1573 2037 1668 duplici
2087 1575 2325 1667 fateor,
2366 1597 2434 1651 et

288 1696 545 1791 ingenti
575 1720 683 1764 me
712 1694 921 1762 donas
947 1695 1162 1782 bono,
1186 1692 1317 1763 hoc
1340 1695 1757 1783 testimonie,
1789 1697 1916 1764 hoc
1953 1695 2271 1792 collegio:
2295 1703 2437 1772 haec

286 1843 447 1888 vera
502 1833 601 1886 est
646 1815 959 1912 dignitas,
1016 1819 1341 1907 Quaenam
1394 1841 1556 1912 ergo
1606 1816 1711 1885 his
1752 1837 1878 1912 pro
1926 1821 2184 1890 meritis
2222 1823 2434 1918 digna

288 1941 569 2011 referam
613 1939 933 2034 praemia?
962 1939 1293 2024 Pecunia,
1344 1937 1455 2006 illa
1506 1959 1734 2005 rerum
1780 1963 1859 2007 ac
1900 1937 2430 2012 sollicitudinum

288 2081 488 2134 cansa
534 2078 600 2131 et
642 2046 889 2155 caputJ
932 2085 1151 2155 neque
1190 2085 1453 2130 mecum
1493 2060 1847 2136 abundans
1881 2057 2102 2157 neque
2143 2066 2438 2158 apud'te

289 2188 581 2283 pretiosa
620 2203 743 2255 est.
804 2189 1047 2254 Parvas
1089 2185 1254 2252 mihi
1299 2182 1632 2272 litterulas
1675 2207 1812 2253 non
1867 2210 2116 2280 parvus
2163 2177 2442 2261 indulsit

292 2309 503 2381 labor.
533 2311 713 2380 Hinc
738 2310 955 2379 honos
982 2324 1182 2402 atque
1208 2331 1461 2376 merces
1494 2331 1509 2376 τ
1545 2308 1678 2376 hoc
1711 2311 2028 2380 manebat
2065 2317 2439 2406 praemium.

288 2439 513 2530 Atque
542 2450 617 2504 ut
646 2433 833 2527 operi
859 2447 1105 2501 ‚nostro
1144 2429 1798 2523 aliquid‘adderetur
1822 2430 2062 2524 gratiae
2081 2486 2098 2517 ‚
2136 2456 2446 2506 sermone

290 2559 403 2628 illo
440 2557 913 2654 philosophico
938 2581 1016 2624 ex
1043 2570 1161 2624 tuo
1191 2554 1544 2636 materiam
1565 2555 1945 2622 sumsimus.
1983 2557 2458 2651 Meministine,

293 2683 510 2752 ridere
561 2697 693 2750 tete
742 2679 1013 2750 solitum
1054 2677 1243 2764 illos,
1280 2678 1397 2771 qui
1450 2676 1989 2771 fata,deplorant
2025 2703 2188 2767 sua‚·
2233 2694 2436 2775 atque

288 2805 689 2905 Academico
723 2827 948 2890 more,
980 2800 1164 2896 quod
1203 2800 1469 2871 libitum
1513 2801 1723 2892 foret,
1761 2800 2099 2870 destruere
2137 2816 2207 2871 et
2244 2804 2435 2874 adse·

292 2957 441 3000 rere
478 2945 545 2998 te
580 2929 897 2999 solitum?
945 2926 1074 2999 Sed
1110 2927 1613 3021 quantumhoc
1655 2925 1800 2996 est?
1853 2927 2032 2996 Hinc
2073 2953 2235 3024 ergo
2272 2932 2439 3027 quid

292 3057 376 3124 in
402 3079 560 3122 vero
607 3054 733 3138 sit,
774 3051 890 3146 qui
930 3049 1109 3120 solus
1154 3050 1377 3139 novit,
1421 3050 1682 3119 noverit
1720 3077 1737 3120 t
1786 3076 1908 3120 nos
1949 3050 2204 3121 fabellis
2238 3068 2440 3147 atque

292 3177 539 3246 mensis
574 3175 757 3244 hunc
798 3174 1043 3243 librum
1088 3174 1493 3268 scripsimus,
1538 3174 1826 3243 Materia
1867 3174 2009 3244 haec
2044 3190 2143 3245 est
2179 3202 2196 3246 :
2242 3180 2440 3246 Pater

295 3297 578 3391 Queroli
621 3298 836 3384 nostri
873 3297 1001 3366 fuit
1040 3323 1276 3368 avarus
1316 3296 1555 3369 Euclio
1593 3324 1610 3366 t
1649 3298 1761 3367 hic
1801 3297 2035 3368 Euclio
2078 3324 2320 3369 aurum
2370 3302 2441 3370 in

297 3451 531 3495 ornam
563 3424 892 3519 congessit
909 3421 1069 3491 olim
1089 3475 1108 3509 ‚
1127 3424 1316 3517 quasi
1335 3421 1527 3491 busta
1550 3421 1797 3514 patris,
1815 3419 2134 3489 odoribus
2167 3421 2440 3517 insuper

298 3549 559 3635 infusis,
608 3544 943 3639 tituloque
979 3561 1167 3614 extra
1208 3544 1459 3614 addito·
1503 3546 1761 3615 Navem
1799 3542 2162 3612 ascendens
2199 3569 2438 3618 ornam

301 3671 481 3740 domi
521 3668 736 3740 fodit:
774 3693 914 3736 rem
951 3667 1118 3737 nulli
1156 3668 1444 3762 aperuit.
1488 3668 1619 3736 Hic
1659 3690 1936 3761 peregre
1981 3667 2277 3736 moriens
2324 3693 2444 3762 pa-

226 3829 231 3840 ·
300 3794 577 3862 rasitum
618 3791 869 3862 ibidem
907 3791 1254 3887 cognitum
1290 3791 1427 3860 filio
1466 3789 1880 3861 cohaeredem
1915 3790 2206 3870 instituit
2239 3791 2464 3862 tacita·
2570 3810 2576 3825 ·

301 3915 643 4009 scripturae
678 3913 848 4002 fide,
879 3915 934 3983 si
975 3916 1189 3983 eidem
1228 3913 1619 3982 thesaurum
1653 3911 1993 3982 occultum
2031 3912 2177 3982 sine
2213 3912 2448 3985 fraude

301 4034 680 4106 ostenderet
723 4064 740 4106 ε
788 4037 1012 4107 locum
1057 4035 1523 4106 tantummodo
1561 4035 1858 4105 thesauri
1900 4059 2098 4104 senex
2133 4038 2450 4108 ostendit.

304 4156 577 4227 Oblitus
615 4157 763 4228 doli·
788 4160 1121 4253 parasitus
1161 4184 1397 4230 navem
1435 4159 1775 4248 ascendit,
1814 4157 1900 4229 ad
1933 4159 2308 4249 Querolum
2343 4187 2456 4230 ve-

459 4283 604 4348 Ill.
2179 4278 2270 4350 35
