3067 5017
816 356 1150 425 ACTUS
1197 358 1352 442 IV,
1402 356 1741 427 scENA
1792 360 1848 425 1.
2273 357 2409 453 173

259 502 410 550 sliu.
439 480 598 548 Fuit
627 502 851 547 meum
888 478 1211 572 opficium
1242 496 1319 549 ut
1355 481 1640 549 facerem
1662 535 1680 565 ‚
1712 481 1948 549 fateor.
1980 502 2230 550 PSEUD.
2265 482 2404 551 Ubi

534 589 947 658 restiteras?
983 612 1129 657 sm.
1174 590 1311 660 Ubi
1348 590 1516 659 mihi
1560 586 1882 657 lubitum’
1885 602 1965 657 st.

259 704 719 771 Psssun.1stuc
757 724 884 793 ego
913 699 1053 791 jam
1085 700 1241 769 satis
1270 701 1428 770 scio,
1464 724 1611 770 suu.
1651 704 1793 771 Cur
1830 725 1993 794 ergo
2032 700 2216 795 quod
2245 701 2409 827 scis,

552 834 661 877 me
698 810 941 903 rogas?
974 834 1215 879 ΡεΕσυ.
1261 813 1353 880 At
1383 812 1513 880 hoc
1550 810 1708 879 volo
1753 836 2027 879 monere
2065 826 2150 881 te.

256 945 400 989 suu.
440 919 825 988 Monendus
864 944 946 987 ne
984 945 1091 987 me
1129 937 1418 991 moneat.
1441 944 1689 991 Psenn.
1710 921 1932 993 Nimis
1969 922 2244 990 taudem
2279 946 2408 1016 ego

412 1122 419 1127 ᾖ
552 1030 669 1097 abs
707 1045 773 1099 te
808 1045 1225 1099 contemnor.

256 1166 399 1210 sm.
426 1141 701 1235 Quippe
738 1165 863 1235 ego
894 1156 958 1209 te
996 1142 1067 1208 ni
1096 1157 1524 1210 contemnam
1547 1193 1566 1229 ,
1603 1142 2015 1210 stratioticus
2049 1140 2259 1210 homo
2289 1140 2408 1236 qu‘i

550 1250 829 1319 clueat?
862 1274 1105 1321 PSEUD.
1146 1255 1293 1320 Jam

255 1364 403 1429 Hoc
431 1359 621 1446 vole,
659 1360 847 1455 quod
883 1361 1373 1455 obceptum’sn
1412 1386 1559 1432 suu.
1597 1361 1946 1456 Numquid
1985 1386 2182 1458 agere
2222 1360 2410 1430 aliud

552 1496 659 1538 me
700 1470 935 1539 vides?

255 1604 501 1651 Psenn.
539 1578 829 1647 Ambula
879 1604 1041 1673 ergo
1085 1581 1239 1650 cito,
1279 1606 1424 1651 sm.
1466 1584 1618 1650 Imo
1668 1582 1884 1651 otiose
1928 1578 2104 1650 volo.
2161 1604 2410 1651 psum).

552 1692 710 1756 Haec
754 1713 829 1755 ea
868 1689 1278 1779 obcasio’st‚
1319 1690 1479 1759 dum
1525 1690 1638 1759 ille
1676 1691 1965 1777 dormit,

256 1797 432 1868 Volo
478 1814 553 1867 tu
597 1799 786 1893 prior
823 1814 901 1869 ut
950 1801 1252 1895 obcupes
1301 1802 1508 1871 adire.
1573 1826 1719 1871 st.
1798 1801 1985 1889 Quid
2035 1800 2412 1896 properas?

552 1908 828 2002 placide.
2359 1929 2406 1971 ιε

255 2022 352 2089 Ne
380 2018 577 2087 time:
614 2020 707 2087 ita
747 2018 862 2087 ille
892 2020 1057 2088 faxit
1078 2022 1365 2114 Jupiter,
1392 2037 1467 2088 ut
1496 2020 1612 2089 ille
1633 2020 1856 2115 palam
1879 2019 2128 2089 ibidem
2156 2019 2407 2103 adsiet,

256 2129 577 2223 Quisquis
612 2128 723 2197 ille
756 2145 896 2215 est,
940 2132 1057 2223 qui
1092 2132 1281 2201 adest
1316 2156 1353 2198 a
1396 2130 1606 2199 milite
1645 2136 1679 2200 τ’
1709 2156 2096 2225 nunquam,
2133 2130 2406 2224 edepol,

544 2240 672 2307 erit
710 2238 823 2309 ille
870 2243 1107 2333 potior

252 2352 556 2445 Harpa,
596 2376 793 2444 quam
842 2376 988 2445 ego,
1035 2353 1227 2421 Habe
1260 2352 1560 2420 animum
1609 2352 1906 2440 bonum3
1959 2351 2238 2447 polchre
2279 2376 2408 2446 ego

544 2460 719 2531 hanc
751 2461 1147 2556 explicatam
1193 2462 1319 2529 tibi
1358 2486 1503 2529 rem
1545 2461 1742 2529 dabo·

254 2570 361 2641 Sic
398 2596 525 2665 ego
562 2570 751 2640 illum
792 2570 965 2639 dolis
999 2587 1201 2665 atque
1240 2570 1672 2639 mendaciis
1657 2596 1727 2637 ln
1767 2572 2078 2639 timorem
2117 2571 2293 2638 dabo

252 2680 615 2751 Militarem
652 2680 981 2749 advenam
1000 2683 1189 2775 ‚ipse
1226 2707 1365 2750 sese
1389 2695 1467 2749 ut
1503 2696 1705 2776 neget
1735 2706 1894 2748 eum
1921 2705 2062 2749 esse
2100 2681 2214 2772 qui
2247 2680 2403 2762 siet,

252 2794 497 2885 Meque
530 2805 605 2859 ut
634 2816 775 2859 esse
812 2807 1151 2877 autumet,
1176 2794 1295 2887 qui
1324 2793 1510 2887 ipsus
1540 2806 1658 2859 est.
1691 2814 1935 2861 PSEUD.
1969 2789 2111 2878 Qui
2143 2790 2406 2883 potest?

545 2926 691 2971 suu.
744 2902 1023 2971 Occidis
1066 2928 1174 2969 me

256 3010 478 3099 Quom
521 3010 693 3078 istuc
744 2995 1016 3105 rogitas,
1089 3035 1336 3081 Psmm.
1420 3015 1484 3081 Ο
1545 3010 1888 3079 homiuem
1936 3004 2278 3102 lepidum!
2342 3021 2408 3107 te

545 3104 816 3219 quoque
862 3126 1066 3193 etiam
1111 3123 1313 3194 doli's'
1739 3111 1744 3119 ’

160 3320 168 3331 ·
255 3238 471 3330 Atque
516 3234 716 3304 etiam
760 3234 1160 3316 mendacii3‚
1205 3235 1471 3329 Jupiter
1510 3248 1578 3303 te
1621 3234 1788 3302 mihi
1826 3246 2064 3301 servet.

334 3412 387 3463 9.
418 3393 543 3447 Fuit
560 3414 713 3447 meum
731 3392 974 3465 opficium.
1012 3394 1097 3448 Cf.
1128 3380 1274 3447 Asin.
1462 3392 1554 3447 13.
1586 3393 1700 3445 Hoc
1720 3393 1836 3443 volo
1853 3430 1953 3446 .....
1969 3392 2074 3463 agi.
2105 3390 2328 3462 Captiv.
2321 3392 2408 3455 -‚V

258 3474 332 3539 Π,
370 3492 396 3525 2
418 3512 433 3537 ,
463 3474 593 3528 113.
1382 3492 1549 3538 1,10.
1586 3504 1664 3515 --
1692 3472 1862 3541 Agere
1889 3472 2052 3537 aliud,
2099 3472 2282 3525 animo
2322 3469 2408 3523 di-

336 3572 421 3606 11.
450 3553 725 3622 Moneqdas
755 3573 815 3605 ne
853 3574 927 3605 me
962 3565 1185 3619 moneat,
1219 3552 1281 3621 ἰᾷ
1376 3554 1515 3607 vorti
1543 3552 1609 3605 ad
1632 3553 1758 3605 alias
1781 3570 1885 3605 res.

260 3645 364 3698 est,
404 3633 529 3685 «Ne
558 3654 648 3687 aus
683 3633 985 3687 Minervam
998 3623 1057 3687 ἰ.
1088 3633 1275 3686 Horat.
1466 3638 1555 3695 14.
1582 3633 1704 3685 Ιηω.
1725 3632 1869 3683 Pers.
1888 3630 1990 3694 IV,
2017 3635 2072 3691 4,
2091 3632 2158 3681 61
2172 3629 2408 3681 .--Dum

257 3712 423 3783 Epist.
460 3714 519 3777 Ι,
570 3732 639 3785 17
666 3732 681 3767 ε
735 3739 758 3761 ι
783 3714 941 3767 Disce
960 3754 975 3777 ‚
1006 3710 1281 3767 docendus
1378 3714 1461 3764 ille
1484 3713 1694 3774 dormit,
1721 3708 1974 3781 Harpax
1958 3727 2016 3761 m
2047 3708 2371 3765 diversorio..

260 3790 427 3846 adhuc
452 3810 570 3863 quae
598 3806 782 3848 censet
802 3793 1061 3846 amiculus
1086 3818 1135 3845 ι.
1464 3795 1554 3845 16.
1570 3792 1778 3852 Palam,
1807 3806 2004 3843 coram.

338 3890 426 3925 12.
456 3871 614 3927 Serae.
651 3874 793 3925 homo
822 3878 913 3945 qui
944 3873 1006 3925 cl.
1040 3872 1280 3926 Militum
1466 3875 1556 3926 18.
1585 3872 1815 3941 Harpax.
1845 3868 2094 3921 Nominis
2119 3879 2302 3939 etymo
2329 3886 2410 3923 ca·

260 3951 395 4004 enim
426 3964 483 4005 et
519 3970 713 4007 eorum
753 3952 849 4025 qui
878 3952 1140 4006 militibus
1172 3970 1281 4005 ser·
1380 3952 1614 4005 villatur.

260 4031 403 4085 viunt
448 4032 648 4087 comici
688 4052 871 4088 mores
908 4031 1283 4105 superbiloqui
1462 4051 1554 4085 21.
1599 4030 1706 4100 Qut
1728 4040 1921 4100 potest,
1961 4026 2240 4099 quomodo
2279 4040 2408 4098 pote

261 4123 389 4166 sunt.
1380 4111 1484 4163 hoe
1512 4124 1606 4164 est.
1626 4140 1708 4153 --
1734 4109 1934 4163 Occidis
1957 4128 2030 4161 me
2055 4106 2232 4163 taedio.
