3067 5017
578 682 754 808 M..
813 579 1351 809 'Accu
1436 676 2132 818 PLAUTI

769 945 1414 1034 SARSINATI
1439 944 1512 1038 ,8,
1565 945 1941 1044 UMBRI

309 1185 2417 1458 TRUCULENTUs

809 1855 816 1862 .
927 1753 1779 1859 PROLOGUS.

288 2168 853 2282 PEnpAnvAM
893 2225 1156 2305 partem
1198 2211 1493 2304 postulat
1533 2211 1809 2282 Plautus
1850 2215 1980 2284 loci

287 2327 392 2392 De
429 2325 668 2391 vostris
707 2322 968 2414 magnis
1005 2335 1206 2413 atque
1250 2321 1528 2388 amoenis
1562 2323 1897 2391 moenibus
1921 2379 1939 2410 ,

287 2435 584 2503 Athenas
621 2457 756 2524 quo
793 2434 936 2498 sine
979 2431 1361 2498 architectis
1399 2430 1723 2498 conferat.

292 2545 475 2631 Quid
513 2540 737 2610 nunc?
767 2541 1060 2610 daturin’
1101 2542 1286 2621 estis,
1327 2566 1412 2607 an
1454 2541 1643 2608 non?
1680 2541 2010 2612 adnuunt.

289 2652 584 2718 Meditor
617 2649 930 2744 equidem
975 2648 1162 2716 vobis
1200 2675 1304 2716 me
1341 2649 1728 2718 ablaturum
1776 2653 1918 2720 sine

289 2765 484 2830 Mora
521 2787 536 2828 :
576 2760 738 2853 quid
775 2761 829 2827 si
869 2760 950 2826 de
985 2773 1210 2826 vostro
1253 2759 1598 2852 quidpiam
1644 2762 1879 2830 orem?
1906 2763 2237 2834 abnuunt.

290 2877 430 2955 En,
473 2869 845 2954 mehercle,
885 2871 954 2936 in
991 2869 1182 2936 vobis
1229 2869 1522 2937 resident
1564 2894 1781 2940 mores
1832 2873 2137 2964 pristini,

291 2980 394 3049 Ad
436 2979 900 3074 denegandum
945 2994 1018 3045 ut
1063 2977 1262 3046 celeri
1301 2978 1527 3072 lingua
1567 2975 1874 3054 utam'ini.

292 3093 423 3160 Sed
465 3093 590 3160 hoc
636 3110 949 3184 agamus,
976 3115 1107 3182 qua
1141 3090 1274 3158 huc
1307 3105 1580 3158 ventum
1600 3090 1676 3158 'st
1716 3093 1967 3184 gratia:

295 3205 575 3290 Athenae
616 3205 756 3271 istae
794 3217 1027 3284 sunto,
1079 3203 1169 3268 ita
1215 3216 1292 3268 ut
1335 3201 1462 3269 hoc
1507 3217 1606 3270 est
1642 3205 2105 3295 proscenium,

294 3314 670 3406 Tantisper,
711 3313 870 3381 dum
911 3311 1342 3405 transigimus
1388 3312 1563 3378 hanc
1600 3313 2019 3390 comoediam.

297 3409 462 3490 Heio
493 3423 751 3490 habitat
788 3420 1053 3504 mulier,
1087 3423 1357 3490 nomine
1396 3447 1544 3514 quae
1572 3437 1669 3489 est
1708 3423 2172 3493 Phronesium.

297 3535 454 3601 Haec
490 3532 692 3624 hujus
731 3529 903 3598 saecli
943 3557 1160 3599 mores
1199 3532 1268 3599 in
1317 3557 1384 3600 se
1421 3532 1720 3625 possidet
1746 3585 1763 3614 ‚

297 3645 660 3733 Nunquam
709 3641 791 3708 ab
831 3655 1126 3709 amatore
1167 3667 1289 3709 suo
1332 3641 1627 3734 postulat
1667 3642 1731 3708 id
1770 3643 1953 3735 quod
1994 3643 2347 3712 datum'st:

302 3751 434 3818 Sed
478 3749 806 3843 reliquam
846 3750 960 3818 dat
1001 3776 1274 3844 operam
1311 3777 1394 3818 ne
1431 3753 1517 3819 sit
1561 3749 1938 3845 reliquum,
2405 3779 2449 3816 ¹5

303 3860 651 3929 Poscendo
694 3875 895 3953 atque
935 3859 1341 3946 auferendo,
1381 3875 1458 3928 ut
1494 3885 1641 3928 mos
1681 3875 1781 3927 est
1822 3859 2207 3930 mulierum.

392 4067 443 4121 5.
472 4068 702 4128 Meditor,
734 4067 972 4137 persuasi
1006 4065 1139 4118 mihi
1176 4066 1281 4119 hoc
1314 4087 1344 4118 a
1434 4067 1736 4137 publicum.
1766 4066 1872 4119 Sed
1900 4067 1942 4119 si
1970 4067 2101 4138 quid
2122 4068 2190 4122 de
2212 4087 2381 4128 vestra
2402 4098 2461 4132 re

307 4149 462 4200 vobis
507 4167 592 4202 me
635 4147 1086 4220 impetraturum,
1141 4147 1345 4218 quippe
1435 4145 1642 4216 privata
1671 4147 1907 4217 singulos
1932 4151 2159 4220 rogem?
2189 4153 2461 4212 abnuitis.’
