3067 5017
900 242 949 354 l

328 416 1792 442 mmmmmmmmmmm
1799 403 2257 443 mmm·
2263 417 2448 443 mm

560 620 731 747 M.
824 619 1376 749 ACCII
1486 622 2183 752 PLAUTI

739 918 745 923 ·
818 896 952 975 SA
971 896 1508 977 RSINATIS
1563 897 1946 977 UMBRI

646 1124 989 1305 ST
1070 1134 1157 1301 Ι
1244 1128 1387 1305 C
1466 1133 1646 1301 H
1727 1125 2136 1304 Uss-S.

746 1646 1260 1752 ACTUS
1348 1642 2012 1751 PRIMUS.

875 2057 1329 2149 SCENA
1411 2054 1902 2144 PRIMA.

768 2251 2014 2373 PANEGYRIS‚.P1N]ACIUM.

326 2437 783 2561 mmCREno
820 2506 945 2576 ego
980 2477 1293 2547 miseram
1327 2473 1530 2543 fuisse
1567 2471 2011 2567 Penelopam,

327 2600 548 2682 Soror,
586 2620 707 2664 suo
740 2619 821 2662 ex
864 2592 1123 2675 anim03
1161 2610 1309 2681 quae
1345 2600 1479 2653 tam
1528 2583 1646 2652 diu
1689 2582 1894 2651 vidua

326 2709 490 2779 Viro
530 2731 652 2775 suo
697 2702 913 2773 caruit
948 2728 963 2770 ε
1001 2724 1157 2768 nam
1202 2722 1327 2765 nos
1363 2695 1505 2790 ejus
1542 2694 1842 2761 animum

326 2821 427 2888 De
470 2816 712 2887 nostris
748 2814 937 2883 factis
972 2808 1353 2906 gnoscimus
1375 2858 1394 2891 ‚
1432 2826 1720 2905 quarum
1766 2800 1896 2869 viri
1939 2800 2099 2871 hinc
2139 2804 2418 2895 absunt,

329 2930 773 3021 Qum-umque
810 2948 933 2994 nos
975 2918 1263 3015 negotiis
1298 2917 1650 2985 absentum
1674 2965 1692 2998 ‚
1735 2926 1812 2980 ut
1852 2927 1950 2981 est
1987 2936 2289 3009 aequom,
2441 2938 2467 2979 ο

328 3039 637 3111 sollicitae
675 3036 927 3107 nocteis
962 3047 1028 3102 et
1068 3028 1238 3116 dies,
1274 3052 1490 3114 soror,
1539 3046 1768 3093 sumus
1813 3046 2096 3118 semper.

330 3178 468 3225 pm.
505 3156 831 3224 Nostrum
875 3144 1197 3240 opfieium
1236 3164 1360 3208 nos
1397 3136 1616 3206 facere
1649 3132 2040 3227 aequom’st3
2077 3158 2296 3228 neque

412 3358 465 3392 2.
496 3334 678 3390 Vidua.
706 3332 950 3384 Verbum
990 3327 1143 3379 vidua
1159 3362 1176 3391 ,
1208 3320 1357 3395 quod
1528 3326 1584 3383 4.
1609 3316 1692 3369 De
1711 3319 1888 3369 nostris
1903 3318 2079 3385 factis.
2113 3317 2306 3373 Nescio
2337 3320 2470 3391 quid

332 3418 386 3471 in
407 3417 544 3470 MSS
573 3427 626 3468 et
650 3411 775 3466 edd.
804 3406 1055 3465 omnibus
1078 3419 1179 3471 est,
1204 3403 1359 3475 ejecit
1443 3397 1697 3469 impediti
1724 3396 1826 3451 hae
1854 3398 2097 3451 oratione
2118 3416 2357 3468 quaerere
2379 3399 2476 3454 do-

332 3496 575 3551 Μαι-οἱοῦ
599 3531 616 3558 ,
651 3493 855 3546 nullam
900 3490 971 3547 ob
1018 3504 1253 3540 causam.
1302 3482 1359 3535 Si
1445 3480 1518 3533 cti
1558 3478 1838 3542 laborent,
1865 3489 1928 3530 ut
1953 3478 2044 3531 alii
2070 3477 2240 3531 velint
2263 3492 2474 3541 muare

332 3577 567 3647 putavit,
600 3592 711 3626 non
743 3568 1029 3625 convenire
1058 3584 1071 3618 ε
1108 3564 1240 3617 sciat
1274 3564 1356 3613 ‘m‘-
1435 3558 1572 3628 facil
1583 3576 1686 3629 pro
1695 3557 1871 3623 facile,
1901 3556 1990 3610 alii
2016 3557 2476 3627 intelligantfaotis

334 3659 475 3710 duam
498 3654 605 3715 diei
628 3693 643 3719 ,
686 3664 740 3706 et
761 3668 879 3722 quae
902 3648 1157 3701 maritum
1182 3642 1357 3696 adhuc
1444 3652 1700 3709 tanquam
1735 3651 1919 3708 reapse
1935 3676 1952 3702 ‚
1989 3650 2043 3690 et
2063 3638 2345 3707 suppleant
2365 3642 2475 3693 am'-
2512 3666 2515 3669 ·

333 3737 521 3802 habet,
572 3746 625 3787 et
664 3749 783 3805 quae
826 3744 1102 3800 nunquam
1152 3722 1356 3776 habuit.
1446 3723 1538 3771 mis
1561 3716 1900 3789 jungendum
1920 3735 2046 3769 cum
2068 3718 2260 3769 nostris.
2285 3718 2353 3771 Ni
2375 3719 2475 3773 fal.

335 3816 559 3879 Seneca,
584 3815 897 3884 Agamemn.
924 3827 1005 3862 vs·
1034 3804 1145 3873 157
1170 3821 1185 3856 :
1216 3828 1241 3850 α
1257 3804 1362 3854 De-
1446 3800 1550 3861 lor,
1567 3798 1716 3865 sacta
1741 3796 1968 3867 alicujus
1989 3795 2275 3865 saepissime
2290 3799 2482 3857 Plauto

337 3914 447 3949 cem
470 3914 573 3967 per
593 3911 758 3945 annos
782 3888 947 3944 vidua
969 3884 1259 3957 respiciam
1289 3880 1363 3934 vi·
1450 3878 1730 3942 dicuntur,
1766 3894 1870 3947 pro
1893 3894 2022 3959 m'oro
2047 3874 2255 3943 agendi,
2287 3898 2483 3932 consue·

338 3975 495 4028 rum?
540 4000 563 4023 ι
605 3970 749 4025 Ibid.
792 3988 869 4024 vs.
912 3966 1015 4037 195
1047 3984 1061 4017 ε
1121 3973 1145 4012 ἁ
1174 3970 1260 4017 An
1310 3974 1365 4013 te
1454 3958 1620 4011 tudine
1640 3992 1656 4021 ,
1684 3958 1996 4027 experientia.
2026 3953 2170 4008 Vide
2193 3955 2376 4011 Aulul.
2395 3960 2482 4025 Π,

340 4066 615 4108 morantur
640 4050 871 4121 virgines
893 4046 1070 4103 vidua
1108 4041 1299 4097 domi?
1328 4064 1352 4089 ιι
1461 4060 1515 4104 α,
1550 4038 1645 4101 43.
1677 4035 1870 4089 Sensus
1903 4050 2029 4105 ergo
2066 4047 2174 4089 est:
2202 4038 2482 4109 cognosci..

348 4136 593 4189 Gaza-mn.
1460 4136 1584 4171 mus
1605 4134 1671 4169 eo
1697 4112 1844 4185 quod
1875 4115 2136 4185 patimur.
2161 4114 2231 4173 Ν.
