3067 5017
608 421 2752 459 mwmfflmmmmmmmmwmmmmmm

969 595 1391 736 ALIUD
1455 643 2414 732 ARGUMENTUM

1128 882 2277 1010 CAMERARII.

619 1371 751 1497 N
758 1444 957 1492 onum
982 1420 1225 1492 fabulae
1254 1447 1336 1492 ex
1366 1447 1439 1492 re
1476 1421 1792 1491 inditum.
1832 1414 2300 1488 Introducitur
2331 1415 2516 1484 enim
2553 1416 2762 1511 pisca·

627 1548 769 1622 tor,
804 1536 923 1630 qui
950 1536 1022 1605 in
1050 1538 1222 1606 mari
1254 1539 1538 1633 cepisset
1568 1533 1895 1606 vidulum.
1944 1537 2164 1603 Funes
2201 1545 2426 1600 autem
2465 1533 2772 1601 nauticos

632 1664 836 1745 atque
872 1653 1152 1722 omnino
1192 1653 1618 1749 grandiores,
1662 1651 1978 1722 rudentes
2026 1647 2297 1734 dixere,
2343 1646 2480 1716 sive
2517 1672 2558 1716 a
2601 1662 2772 1716 stre-

631 1765 824 1859 pitu,
868 1790 988 1838 seu
1025 1765 1315 1838 aliunde.
1369 1771 1867 1865 Argumentum
1905 1761 2037 1834 tale
2073 1777 2193 1832 est.
2239 1762 2577 1831 Amiserat
2612 1785 2772 1856 par-

635 1877 863 1948 vulam
896 1878 1103 1979 filiam
1139 1882 1303 1951 civis
1332 1883 1608 1977 quidam
1637 1879 2095 1963 AtheniensiS‚
2121 1901 2199 1945 ea
2219 1877 2521 1945 venierat
2547 1874 2774 1945 lenoni

639 1996 1027 2088 Cyrenensi.
1074 1997 1273 2065 Pater
1326 1997 1565 2092 hujus,
1609 1994 1878 2091 injuriis
1928 1993 2174 2064 civium
2213 2016 2489 2062 suorum
2533 1989 2620 2059 ad
2670 1991 2775 2059 in-

634 2107 860 2202 opiam
897 2107 1237 2208 redactus,
1277 2112 1560 2182 Athenis
1594 2136 1734 2181 sese
1779 2113 2072 2204 Cyrenas
2113 2103 2420 2178 contulit.
2476 2103 2778 2175 Puellam

636 2222 930 2293 Atticam
966 2229 1149 2296 amat
1174 2225 1596 2315 adolescens,
1627 2239 1697 2296 et
1739 2223 2061 2294 redimere
2096 2220 2245 2292 vult
2273 2247 2288 2290 ε
2323 2219 2438 2290 sed
2476 2218 2630 2289 leno
2661 2244 2778 2315 spe

639 2336 913 2430 majoris
949 2337 1116 2408 lucri
1156 2339 1533 2411 clanculum
1570 2342 1644 2411 in
1678 2337 1970 2411 Siciliam
2006 2337 2288 2430 avehere
2337 2333 2516 2405 illam
2561 2335 2775 2429 parat.

637 2452 811 2524 Navi
838 2467 1063 2523 autem
1093 2453 1485 2542 fracta‚haec
1506 2471 1572 2524 et
1599 2453 1808 2524 altera
1835 2451 2166 2547 quaedam‚
2189 2475 2510 2520 conserva
2534 2449 2744 2544 ipsius
2761 2501 2780 2535 ‚

638 2565 724 2635 ad
766 2565 923 2637 litus
968 2570 1411 2664 Cyrenaicum
1463 2571 1535 2638 in
1572 2569 1819 2665 scapha
1870 2566 2285 2654 referuntur3
2321 2581 2388 2635 et
2436 2564 2592 2634 leno
2627 2565 2780 2658 reji-

638 2683 817 2751 citur
860 2683 1217 2772 ssuctibus3
1266 2685 1621 2771 omnihm,
1682 2709 1832 2779 quae
1871 2707 2096 2754 secum
2140 2679 2404 2751 auferre
2447 2678 2780 2767 voluerat,

636 2797 838 2868 bonis
873 2799 1151 2868 amissis.
1194 2800 1521 2893 Repertas
1559 2813 1784 2868 autem
1822 2795 2079 2893 puellas
2109 2796 2195 2865 ad
2231 2793 2463 2864 fanum
2496 2794 2781 2885 Veneris

637 2910 971 2981 abducere
1002 2910 1171 3007 vult.
1198 2913 1467 3004 Quibus
1494 2938 1695 2982 senex
1725 2911 1837 2982 ille
1864 2912 2129 2984 Atticus
2160 2935 2360 3005 opem
2397 2908 2555 2995 fert,
2587 2909 2780 3004 igna-

642 3051 757 3096 rus
798 3026 1028 3097 adesse
1063 3025 1271 3098 filiam
1318 3052 1529 3098 suam.
1577 3028 1980 3124 Supervenit
2015 3025 2396 3096 adolescens
2411 3077 2440 3113 ,Ι
2471 3023 2782 3092 lenonem

640 3142 711 3209 in
736 3141 847 3235 jus
880 3141 1079 3238 rapit.
1115 3145 1332 3213 Senex
1368 3141 1575 3212 filiam
1613 3143 1962 3238 cognoscit
2001 3141 2084 3211 de
2128 3137 2515 3236 crepundiis
2553 3136 2783 3207 inditis

641 3259 711 3326 in
750 3257 1085 3346 vidulum,
1130 3284 1333 3354 quem
1371 3284 1603 3330 servus
1639 3260 1816 3332 senis
1850 3257 2030 3329 illius
2067 3257 2151 3326 de
2187 3257 2358 3325 mari
2407 3268 2787 3324 extraxerat

644 3385 918 3467 captum
957 3373 1104 3445 reti.
1158 3377 1332 3444 Tum
1376 3399 1698 3471 prospera
1728 3374 2137 3468 contingunt
2185 3371 2499 3443 omnibus
2533 3370 2783 3440 omnia.

645 3489 941 3558 Uxorem
992 3488 1179 3558 ducit
1229 3488 1524 3583 puellam
1588 3503 1877 3558 amatam
1932 3487 2352 3575 adolescens3
2411 3485 2634 3556 lenoni
2675 3510 2790 3582 pe-

644 3602 843 3672 cunia
873 3603 1214 3693 redditur,
1250 3620 1319 3674 et
1353 3605 1672 3701 piscatori
1706 3603 2103 3676 conciliatur
2139 3602 2431 3672 libertas.
