3067 5017
945 365 1290 458 AcTth
1339 363 1431 455 v,
1481 367 1819 437 SCENA
1866 367 2001 435 lv.
2459 361 2555 458 89

387 508 562 562 ΗΑΝ.
598 486 958 582 Ingenium
993 489 1204 582 patris
1238 489 1479 577 habet,
1524 489 1709 584 quod
1752 489 1944 582 sapit.
2377 553 2386 570 ,

388 625 629 672 Aaou.
658 601 828 688 Quae
871 601 1073 669 res?‘
1051 626 1191 693 Jam
1227 601 1343 668 diu
1367 599 1697 694 „edepol
1735 599 2125 695 sapientiam
2160 611 2345 666 tuam
2390 597 2552 666 abu-

693 731 764 778 sa
783 709 866 777 'st
898 711 1046 778 haec
1089 711 1384 803 quidem.

385 823 590 893 Nunc
625 821 786 889 hinc
819 821 1030 915 sapit,
1066 821 1226 890 hinc
1261 822 1507 891 sentit.
1543 819 1872 916 quidquid
1906 819 2112 913 sapit,
2142 843 2372 888 amore
2398 842 2551 887 meo

687 945 882 1023 saplt.
2499 953 2553 994 30

387 1063 695 1112 ADELPH.
730 1041 890 1110 Non
929 1064 1010 1108 eo
1047 1064 1278 1110 sumus
1314 1065 1561 1136 >genere
1603 1055 1985 1137 prognatae,
2016 1040 2281 1109 tametsi
2320 1061 2552 1108 sumus

683 1173 925 1238 servae,
963 1172 1179 1236 soror,

384 1263 486 1332 Ut
545 1259 775 1329 deceat
818 1260 1036 1330 facere
1085 1287 1208 1330 nos
1253 1263 1663 1358 quidquam,
1715 1262 1900 1358 quod
1945 1262 2149 1331 homo
2193 1262 2549 1354 quisquam

683 1371 994 1441 inrideat

385 1481 607 1552 Multa
635 1501 794 1550 sunt
823 1482 1179 1551 mulierum
1207 1486 1364 1553 vitia·
1383 1509 1400 1569 3
1422 1484 1538 1552 sed
1566 1485 1698 1553 hoc
1724 1509 1761 1551 e
1786 1482 2021 1551 multis
2036 1501 2430 1552 maxumum
2444 1479 2549 1565 'st,

376 1594 620 1682 *Quom
657 1593 784 1662 sibi
817 1595 1019 1662 nimis
1061 1594 1360 1689 placent,
1405 1597 1741 1690 nimisque
1778 1619 2055 1691 operam
2090 1593 2254 1662 dant
2292 1605 2367 1661 ut
2403 1589 2547 1686 pla-

681 1718 878 1775 ceant
915 1705 1094 1776 viriS.

385 1838 546 1884 ΑΝΤ.
611 1815 856 1887 Nimiae
899 1815 1265 1910 voluptati'
1271 1833 1366 1904 st,
1427 1816 1612 1911 quod
1650 1818 1723 1886 in
1776 1816 1944 1885 extis
1981 1814 2229 1884 nostris
2270 1826 2549 1909 porten-

680 1939 822 1993 tum
836 1925 952 2010 'st,
991 1950 1206 2016 soror,
2493 1941 2545 1984 ³⁵

385 2035 722 2130 Quodque
753 2037 1088 2131 haruspex
1114 2039 1196 2108 de
1233 2039 1559 2129 ambabus
1596 2037 1788 2107 dixit.
1822 2061 2037 2108 Aeon.
2060 2035 2286 2106 Velim
2320 2007 2402 2104 de
2439 2061 2548 2104 me

682 2146 940 2240 aliquid
979 2149 1242 2218 dixerit.

391 2281 552 2328 ANT.
595 2258 740 2327 Nos
766 2259 910 2327 fore
948 2260 1161 2328 invito
1192 2259 1466 2328 domino
1487 2273 1722 2328 nostro
1748 2258 1983 2327 diebus
2006 2257 2241 2352 paucis
2277 2254 2545 2326 liberaS.

386 2365 466 2434 Id
523 2391 682 2461 ego,
734 2370 864 2436 nisi
915 2369 1082 2462 quid
1122 2371 1192 2438 di
1238 2384 1356 2438 aut
1401 2370 1737 2462 parenteis
1774 2369 2029 2456 faxint,
2073 2367 2241 2462 quid
2284 2391 2547 2461 sperem

678 2478 865 2547 haud
917 2480 1055 2546 scio

386 2609 604 2656 Aeon.
658 2591 816 2656 Mea
877 2589 1158 2676 fiducia,
1206 2587 1460 2677 hercle,
1499 2572 1870 2682 haruspex,
1911 2601 2191 2680 patrue,
2242 2586 2348 2656 his
2394 2611 2550 2680 pro·

554 2689 564 2698 ,
680 2699 904 2787 misit,
951 2701 1122 2782 scic,

387 2805 837 2897 Libertatem,
897 2810 1054 2903 quia
1100 2835 1207 2878 me
1251 2833 1478 2877 amare
1518 2810 1697 2877 hanc
1743 2809 1888 2877 scit.
1952 2829 2265 2877 AnELPH.
2310 2809 2547 2891 Soror,

679 2943 955 3012 sequere
999 2921 1146 2989 hac.
1190 2944 1354 2989 ΑΝΤ.
1391 2922 1675 3013 Sequor.
2496 2932 2548 2974 4⁰

387 3050 568 3098 ΗΑΝ.
607 3029 1008 3124 Priusquam
1040 3031 1236 3099 abitis
1258 3083 1278 3117 ,
1311 3054 1428 3098 vos
1461 3029 1617 3098 volo
1650 3029 1882 3098 ambas
1912 3054 1928 3096 ε
1960 3027 2089 3096 nisi
2126 3027 2345 3120 piget,
2378 3049 2546 3093 con-

682 3154 912 3209 sistite.

388 3270 695 3317 ADELPH.
727 3251 899 3338 Quis
929 3248 1241 3318 revocat?
1271 3274 1490 3319 Aeon.
1519 3250 1659 3337 Qui
1695 3249 1867 3316 bene
1905 3247 2044 3316 volt
2080 3247 2270 3316 vobis
2299 3245 2539 3313 facere.

680 3384 986 3430 ADELPH.
1031 3365 1275 3430 Facere
1315 3359 1703 3430 obcasio’st.

473 3559 564 3610 29.
589 3542 716 3610 Quoe
738 3551 856 3596 res?
886 3542 1022 3614 quid
1051 3557 1129 3600 est
1153 3544 1306 3616 quod
1334 3544 1418 3600 di·
1505 3563 1629 3602 rare
1652 3545 1881 3616 possim,
1908 3543 2090 3598 nescio
2119 3561 2132 3594 ε
2158 3541 2263 3596 nisi
2286 3553 2468 3594 tamen
2484 3541 2543 3594 in

389 3619 503 3675 cia?
527 3621 610 3674 Cf.
631 3622 820 3678 Aulut.
841 3625 958 3690 111,
991 3645 1052 3688 τι,
1081 3645 1135 3694 9.
1154 3626 1419 3678 -Abusa
1508 3626 1627 3678 Diis
1676 3638 1767 3677 aut
1815 3624 2131 3695 parentibus
2171 3622 2292 3694 opis
2336 3619 2546 3694 aliquid

389 3698 470 3752 ἐι.
495 3701 778 3773 Quidquid
807 3703 875 3756 de
904 3717 992 3759 tua
1021 3706 1276 3774 sapientia
1309 3725 1423 3760 mu·-
1508 3706 1670 3760 uobis
1693 3717 1790 3758 est.
1815 3706 1868 3758 J.
1899 3705 2043 3758 Gur..

387 3782 589 3846 tuavit,
622 3785 732 3852 jam
760 3802 862 3836 usu
891 3787 1204 3840 consumsit.
1240 3787 1308 3839 N.
1596 3788 1689 3854 39.
1724 3786 1841 3837 Mea
1870 3783 2101 3852 fiducia,
2139 3798 2229 3836 me
2260 3799 2541 3854 sponsore.

476 3861 565 3917 30.
593 3862 756 3928 Hc‘nc,
779 3882 808 3915 a
835 3881 942 3918 me.
973 3865 1136 3924 Conf.
1164 3864 1416 3922 Bacchid.
1509 3864 1763 3922 Bacchid.
1789 3867 1893 3928 IV,
1924 3870 1956 3927 4
1974 3903 1989 3928 ,
2023 3882 2145 3918 100.
2173 3893 2254 3906 ·-—
2280 3863 2545 3934 Haruspex

389 3941 492 3998 lv,
523 3961 576 4010 7,
615 3946 708 3996 26.
1503 3949 1749 4017 promisit.
1778 3945 1867 3998 Cf.
1894 3945 2093 4014 Amph.
2108 3941 2183 4008 V,
2216 3963 2271 4006 ι,
2295 3963 2349 3996 2.

478 4022 570 4076 38.
604 4023 744 4091 Quid
781 4043 983 4094 sperem.
1015 4025 1305 4090 Rescribe,
1339 4016 1433 4096 (μαῖ’
1598 4033 1691 4089 41.
1723 4025 1823 4080 Vos
1842 4026 1976 4080 volo.
2001 4025 2213 4096 Captiv.
2229 4023 2305 4087 V,
2342 4042 2401 4084 2,
2446 4028 2540 4087 24.

393 4120 590 4170 sperem.
615 4103 734 4169 Qua
760 4105 1002 4172 ratione,
1049 4106 1262 4177 inquit,
1299 4125 1421 4176 spe-
1511 4138 1589 4152 --
1622 4106 1899 4160 Con-sistite.
1919 4104 2227 4170 Au1u1.111,
2258 4122 2318 4169 2,
2345 4104 2438 4156 38.
