3067 5017
657 390 755 464 86
1431 394 2028 479 POENULUS‚

655 519 948 606 Quantae
969 542 1008 586 e
1031 515 1378 610 quantillis
1401 515 1543 609 jam
1574 532 1733 585 sunt
1757 515 1992 586 factae?
2018 537 2241 586 acon.
2272 514 2453 586 Soin'
2480 515 2643 611 quid
2668 516 2809 586 est?

650 628 900 696 Graecae
937 641 1095 694 sunt
1123 625 1227 694 hae
1267 625 1632 715 columnae;
1669 624 1931 696 sustolli
1972 623 2211 695 solent.

653 759 910 806 MlLPH.
937 736 1226 831 opinor,
1259 733 1511 824 hercle,
1536 736 1739 806 hodie
1766 735 1950 830 quod
1982 760 2107 830 ego
2145 733 2280 802 dixi
2306 759 2427 830 per
2456 734 2727 830 jocum,
2758 753 2811 794 ⁵⁰

652 845 732 915 Id
772 861 1168 916 eventurum
1205 871 1347 916 esse
1385 862 1453 915 et
1493 853 1808 916 severum
1852 860 1920 914 et
1961 844 2247 932 serium,

654 957 754 1026 Ut
789 955 932 1026 haec
973 956 1408 1026 inveniantur
1442 957 1646 1026 hodie
1684 981 1825 1026 esse
1863 956 2067 1048 hujus
2108 953 2286 1025 filiae.

657 1089 879 1138 Aeon.
916 1065 1070 1155 Pol,
1103 1065 1279 1135 istud
1301 1066 1573 1161 quidem
1588 1067 1731 1161 jam
1757 1065 2113 1137 certum'st
2134 1091 2150 1134 :
2174 1079 2250 1134 tu
2278 1065 2467 1151 istos,
2496 1064 2808 1159 Milphio,

654 1174 936 1246 Abduce
961 1175 1178 1264 intro;
1218 1201 1344 1246 nos
1383 1178 1585 1247 hasce
1622 1177 1776 1247 heic
1811 1175 2375 1273 praestolabimur.

1181 1420 1625 1511 SCENA
1700 1421 2285 1568 QUARTA.

809 1633 1500 1738 ANTERASTILIS',
1555 1654 2250 1738 ADELPHASIUM‚
2298 1652 2650 1723 AGoRA-

1315 1776 1755 1864 §TocLES,
1811 1777 2160 1848 HANNO.

654 2003 817 2053 ANT.
877 1982 1033 2050 Fuit
1069 1980 1272 2052 hodie
1313 2005 1532 2076 operae
1568 1981 1862 2075 pretium
1907 1981 2051 2077 ejus
2087 1981 2205 2076 qui
2234 1981 2632 2052 amabilitati
2667 1982 2807 2050 ani·

945 2117 1131 2160 mum
1169 2091 1521 2185 adjiceret,

655 2205 889 2278 Oculis
925 2206 1157 2301 epulas
1193 2207 1389 2294 dare,
1427 2207 1790 2277 delubrum
1835 2206 1950 2302 qui
1987 2206 2189 2276 hodie
2220 2221 2535 2304 ornatum
2580 2229 2662 2274 eo
2706 2205 2804 2272 vi·

951 2341 1094 2384 sere
1127 2317 1332 2386 venit.

653 2427 1006 2516 Deamavi,
1028 2442 1308 2518 ecastor,
1331 2426 1507 2497 illeic
1533 2453 1659 2522 ego
1688 2423 2333 2522 hodielepidissuma
2364 2451 2645 2496 munera
2669 2451 2804 2496 me-

951 2539 1272 2608 retricum
1291 2592 1311 2626 ‚

737 2742 833 2804 49.
861 2735 1056 2790 Groeeoe
1068 2749 1180 2788 sune
1193 2737 1284 2789 laoe.
1301 2737 1483 2789 Placet
1504 2737 1684 2788 omni·
1776 2736 2067 2807 erigantur.
2098 2735 2289 2807 Itaque
2321 2738 2475 2806 jocus
2504 2745 2582 2788 est
2607 2735 2806 2789 suavis-

655 2833 730 2870 no
775 2815 1000 2880 Groecoe,
1049 2835 1160 2869 non
1199 2817 1352 2887 quasi
1392 2815 1617 2868 diversae
1658 2833 1685 2867 a
1776 2815 1961 2868 simus.
2044 2815 2198 2868 iratis
2219 2833 2283 2868 ex
2304 2826 2414 2867 tam
2438 2814 2803 2887 parvis,quum

652 2896 834 2949 nescio
876 2897 1076 2968 quibus
1117 2896 1334 2949 Punicis
1367 2915 1403 2949 ε.
1425 2893 1519 2949 sed
1561 2896 1685 2966 qnia
1775 2911 1864 2948 eas
1886 2895 2139 2948 ultimum
2163 2893 2376 2960 vidisti,
2400 2913 2546 2947 nunc
2568 2906 2675 2946 tam
2700 2913 2807 2948 ma·

653 2975 866 3048 elegans
904 2977 1119 3029 illarum
1161 2988 1428 3029 structura
1458 2986 1571 3028 tota
1610 2988 1687 3028 est
1772 2993 1902 3044 gnus
1924 2993 2036 3027 esse
2054 2980 2077 3026 P
2102 2988 2224 3028 sunt
2246 2976 2431 3038 instar,
2465 2973 2661 3046 quibus
2685 2976 2805 3029 vul-

653 3055 969 3109 Graecorum
993 3077 1005 3106 :
1027 3069 1081 3108 et
1104 3055 1233 3108 hinc
1258 3057 1476 3108 nomina
1501 3055 1690 3107 sortie·
1772 3073 1841 3125 go
1866 3054 2088 3119 utimur,
2104 3055 2289 3108 Dorici
2312 3067 2403 3107 aut
2431 3053 2601 3106 Ionici
2626 3056 2805 3126 operis

651 3136 869 3190 huntur.
937 3135 1173 3201 Plinius,
1227 3135 1509 3199 XXXVI,
1572 3136 1684 3189 23:
1772 3134 2147 3188 columnarum
2186 3156 2201 3186 :
2226 3127 2354 3203 [non
2392 3133 2557 3192 fiunt,
2602 3146 2664 3187 ut
2694 3154 2802 3188 non

650 3237 674 3258 ι
700 3213 1009 3268 Columellae
1036 3215 1093 3266 in
1117 3213 1230 3266 aede
1257 3213 1471 3267 densius
1496 3215 1686 3285 positas

649 3295 930 3348 crassiores
957 3291 1230 3347 videntur.
1255 3294 1466 3348 Genera
1492 3312 1682 3346 earum

648 3387 899 3446 quatuor.
927 3374 1064 3438 Quae
1097 3386 1294 3426 sextam
1321 3387 1530 3445 partem
1564 3374 1681 3428 alti·

648 3453 856 3508 tudinis
875 3454 930 3506 in
951 3453 1300 3506 crassitudine
1319 3455 1426 3507 ima
1449 3454 1681 3519 habent,

649 3534 860 3588 Doricae
883 3545 1142 3586 vocantur
1162 3554 1175 3584 z
1205 3553 1324 3605 quae
1349 3553 1569 3598 nonam,
1589 3533 1683 3585 Io-

650 3612 802 3666 nicae.
850 3613 1053 3667 Praeter
1086 3613 1182 3665 has
1223 3623 1377 3679 sunt,
1424 3633 1545 3684 quae
1581 3631 1681 3665 vo-

648 3704 842 3745 centur
867 3693 1056 3745 Atticae
1085 3693 1350 3746 columnae
1366 3732 1382 3759 ‚
1407 3693 1679 3765 quaternis

647 3771 854 3842 angulis
870 3811 887 3837 ,
920 3773 1037 3843 pari
1064 3772 1294 3825 laterum
1318 3773 1606 3826 intervallo
1624 3797 1674 3825 ιι.

647 3851 746 3902 Hae
786 3851 958 3904 solent
992 3853 1226 3915 sustolli,
1273 3853 1384 3906 sive
1426 3851 1676 3924 ligneolae

647 3931 782 3996 sint,
828 3932 940 3984 sive
979 3919 1178 3998 saxeam
1220 3933 1330 3985 sive
1372 3933 1527 3985 basin
1576 3932 1674 3984 ha-

642 4009 806 4064 beant
850 4009 1046 4063 diversi
1091 4013 1325 4083 generis,
1371 4013 1482 4065 sive
1531 4013 1673 4083 ejus·

644 4088 769 4142 dem
800 4109 813 4142 z
849 4109 972 4143 nam
1018 4090 1142 4144 ideo
1191 4091 1328 4144 flunt
1365 4092 1670 4157 columnae,

639 4182 692 4223 et
714 4170 922 4224 nullum
950 4170 1008 4222 in
1036 4171 1198 4224 alium
1223 4191 1397 4236 usum,
1422 4191 1582 4242 quam
1608 4185 1669 4224 ut

1772 3215 2066 3284 erig'antur.
2100 3215 2283 3267 Gnolr.

1855 3313 1905 3359 1,
1935 3315 1984 3348 2.
2019 3293 2140 3345 Fuit
2177 3314 2337 3365 operte
2356 3334 2373 3357 ,
2419 3303 2525 3346 etc.
2570 3291 2724 3346 Ordo
2752 3306 2805 3347 et

1768 3391 1951 3427 sensus
1978 3385 2055 3426 est
2076 3395 2093 3424 τ
2116 3371 2294 3426 Hodie
2322 3373 2425 3426 fuit
2454 3372 2800 3426 commodum

1766 3453 1849 3505 illi
1864 3493 1881 3520 ,
1903 3503 1908 3508 .
1930 3453 2173 3524 quisquis
2222 3451 2489 3506 studiosus
2528 3454 2804 3508 amatoriae

1767 3533 2042 3605 elegantiae
2069 3544 2220 3597 esset,
2246 3551 2461 3604 pascere
2482 3533 2667 3584 oculos
2688 3551 2805 3603 spe·

1766 3612 1849 3665 cie
1880 3613 2136 3684 pulchra,
2164 3613 2208 3665 si
2241 3612 2387 3666 venit
2408 3625 2697 3683 propterea
2720 3629 2807 3664 or·

1764 3705 1951 3745 natum
1980 3693 2243 3763 templum
2270 3692 2460 3746 visere.
2487 3697 2557 3744 N.

1846 3794 1900 3826 τι.
1923 3772 2097 3824 Oculi-5
2116 3773 2282 3842 epulas
2304 3771 2444 3825 dar-e.
2470 3771 2561 3824 Sic
2583 3771 2803 3824 auricu-

1762 3852 1939 3904 larum
1968 3871 2103 3904 escae
2130 3863 2254 3904 sunt
2281 3853 2322 3904 οἱ
2344 3852 2481 3923 λόγοι
2498 3888 2515 3916 ,
2552 3844 2801 3920 poemata

1762 3933 1846 3984 vel
1864 3932 2133 4004 orationes
2156 3930 2451 3984 tritissima·
2462 3931 2666 3982 Graecis
2682 3931 2805 3982 εὔω-

1758 4016 1952 4080 χεῖσθαι
1970 4014 2152 4082 λόγοις,
2168 4023 2221 4064 et
2246 4011 2445 4078 εὖωχῖαι
2470 4009 2555 4063 καὶ
2579 4011 2799 4070 {ctione

1760 4093 1915 4144 ἀκοῶν
1932 4115 1944 4128 ·
1993 4091 2221 4160 colligere
2262 4107 2396 4141 escas
2440 4088 2655 4142 auribus.
2690 4089 2799 4143 Cs-

1758 4168 2135 4224 ssun.-Vid.
2166 4169 2297 4224 Aut.
2321 4170 2436 4233 111,
2466 4172 2525 4234 6,
2565 4187 2621 4222 ι..
