3067 5017
946 428 1298 495 ACTUS
1348 429 1418 513 1,

1469 430 1805 500 SCENA
1858 433 1941 503 V.

2370 456 2501 501 221

359 550 610 619 Verum
643 547 846 641 longe
871 548 1033 618 hine
1063 549 1296 635 abest,
1339 548 1518 619 unde
1559 550 1695 620 huc
1734 567 1937 622 vectae
1966 578 2229 623 sumus,

357 682 500 727 ssc.
531 660 792 752 Nempe
822 681 1008 752 ‘equo
1045 656 1268 753 ligneo
1303 683 1426 753 per
1461 660 1603 729 vias
1640 660 1963 732 caeruleas
2473 694 2525 721 ε·

357 769 532 837 Estis
562 785 989 838 vectae.·1³A1..
1023 768 1432 839 Admodum.
1474 793 1630 841 sAc.
1667 778 1849 867 Ergo
1878 774 2133 868 aequius
2167 799 2287 842 vos
2316 790 2469 844 erat

357 880 763 949 Candidatas
801 881 1031 948 venire
1067 879 1526 975 hostiatasque
1556 908 1573 951 ε
1608 881 1693 950 ad
1734 884 1863 953 hoc

359 994 616 1060 Fanum
657 989 745 1059 ad
787 990 1007 1061 istunc
1050 990 1329 1059 modum
1373 1016 1514 1059 non
1564 992 1775 1061 veniri
1820 992 2011 1063 solet.
2124 1080 2133 1084 ἱ

355 1125 510 1170 PAL.
549 1104 810 1191 Quaene
845 1100 1071 1193 ejeetae
1110 1125 1147 1168 e
1183 1100 1354 1169 mari
1393 1124 1625 1169 sumus
1669 1102 1916 1192 ambae,
1946 1101 2265 1189 obsecro,

359 1210 558 1279 Unde
596 1236 720 1279 nos
755 1210 1008 1281 hostias
1049 1236 1248 1305 agere
1292 1209 1564 1279 voluisti
1605 1210 1785 1280 huc?
2468 1232 2518 1271 ¹⁵

361 1321 562 1388 Nune
607 1319 729 1388 tibi
766 1318 1238 1414 amplectimur
1277 1345 1494 1415 genua
1539 1321 1833 1413 egenteis
1872 1346 2081 1415 opum
2108 1373 2127 1405 ‚

358 1430 526 1519 Quae
567 1430 640 1496 in
683 1428 847 1497 locis
883 1430 1120 1499 nesciis
1157 1431 1378 1523 nescia
1421 1454 1539 1524 spe
1576 1454 1847 1515 sumus,

359 1540 456 1606 Ut
497 1554 615 1607 tuo
654 1540 935 1632 recipias
981 1552 1196 1625 tecm,
1245 1563 1598 1633 servesque
1636 1564 1795 1619 ηοε,

313 1640 892 1743 'Miserarumque
923 1650 1380 1719 teambarum
1419 1662 1496 1718 ut
1533 1650 1881 1737 misereat,

358 1759 622 1848 Quibus
661 1784 784 1827 nec
820 1757 1008 1827 locus
1043 1758 1256 1843 ulluS‚
1293 1784 1418 1828 nec
1455 1785 1607 1854 spes
1644 1774 1879 1854 parata
1897 1759 1976 1828 ’st
2000 1812 2019 1847 ,
2468 1796 2521 1823 ιο

356 1870 591 1963 Neque
618 1868 749 1937 hoc
777 1867 1065 1961 amplius
1083 1894 1319 1963 ‚quam
1346 1870 1530 1963 quod.
1563 1870 1778 1957 'videS‚
1805 1870 1999 1939 nobis
2027 1868 2397 1964 quidquam
2413 1865 2512 1940 ’st.

358 2003 499 2049 SAc.
528 1983 776 2049 Manus
806 1979 974 2047 mihi
1015 1979 1206 2067 date,
1239 1982 1577 2075 exsurgite
1614 2005 1651 2048 a
1690 1981 1973 2073 genibus
2010 1981 2222 2049 ambae
2253 2006 2268 2048 :

357 2088 860 2157 Misericordior
898 2088 1080 2157 nulla
1123 2114 1228 2157 me
1264 2104 1364 2158 est
1402 2089 1836 2161 feminarum..

358 2198 482 2265 Sed
519 2197 670 2266 heic
701 2223 1028 2292 pauperes
1065 2224 1170 2266 res
1205 2214 1362 2267 sunt
1395 2200 1803 2294 inopesque,
1849 2198 2119 2293 puellae:

357 2311 638 2401 Egomet
674 2310 782 2375 vix
827 2311 1032 2376 vitam
1069 2308 1256 2397 colo;
1300 2310 1549 2379 Veneri
1592 2310 1742 2378 cibo
1781 2334 1932 2378 meo
2462 2328 2513 2367 ²⁵

358 2419 607 2485 Servio.
641 2442 813 2486 AMP.
849 2420 1134 2487 Veneris
1173 2420 1444 2507 fanum,
1488 2419 1809 2507 obsecr0,
1843 2420 1973 2487 hoc
2012 2418 2154 2487 est?
2196 2443 2346 2489 SAc.
2388 2424 2513 2488 Fa·
2564 2508 2567 2515 Ι

649 2542 794 2596 teor
832 2553 846 2595 ε
886 2552 1012 2620 ego

357 2640 574 2732 Hujus
615 2638 752 2707 fani
793 2638 1102 2707 sacerdos
1147 2638 1389 2708 clueo:
1421 2664 1691 2726 verum,
1729 2638 2056 2733 quidquid
2092 2652 2219 2721 est,

441 2834 524 2868 xo.
569 2815 715 2885 Equo
753 2815 942 2883 ligneo,
975 2812 1034 2865 id
1065 2826 1176 2877 est,
1206 2813 1331 2867 navi
1361 2834 1374 2864 ε

355 2896 520 2957 etiam,
534 2894 801 2946 Homerus
818 2931 835 2957 ,
859 2896 1042 2945 Douza
1065 2892 1264 2955 indice,
1286 2910 1382 2945 na-

355 2992 444 3027 ves
475 2975 587 3033 ἁλὸς
627 2974 806 3034 ἵππους
847 2974 1095 3043 appellat.
1127 2973 1195 3025 Et
1225 2985 1378 3045 vetus

355 3071 535 3106 versus
579 3065 657 3105 est
685 3051 832 3123 apud
861 3052 1068 3106 Charis.
1114 3078 1136 3101 ι
1157 3052 1379 3122 'I'yphin

355 3134 592 3203 aurigam
643 3134 829 3186 celeris
878 3133 1052 3185 fecere
1104 3133 1296 3185 earinae
1328 3156 1378 3185 n.

356 3211 486 3265 vid.
514 3214 713 3265 Mur-et.
736 3213 870 3266 Var.
891 3212 1038 3265 Le'ct.
1069 3212 1164 3265 lib.
1191 3213 1238 3276 1,
1263 3230 1379 3282 cap.

363 3311 444 3345 10.
471 3324 552 3336 —
571 3294 743 3345 Vetus
776 3304 930 3361 poeta
963 3288 1099 3345 dixit
1125 3310 1139 3345 z
1191 3312 1212 3333 ε
1236 3292 1382 3343 Dum

353 3372 506 3443 copia
549 3383 693 3425 tanta
740 3370 1086 3425 durateorum
1135 3370 1379 3441 equitum

354 3453 579 3505 volitant
648 3469 749 3522 per
797 3451 1040 3521 Tethyos
1097 3468 1286 3521 aequor
1327 3474 1378 3501 n.

355 3533 560 3585 DAcnn.
585 3561 666 3575 --
698 3529 811 3583 'Hac
844 3531 1116 3583 locutione
1150 3548 1270 3602 equo
1295 3548 1382 3580 ve-

354 3624 445 3663 ceoe
483 3610 824 3665 comminisci
865 3622 1080 3680 poterat
1117 3627 1232 3661 rem
1268 3628 1379 3661 non

354 3692 474 3744 satis
491 3690 768 3761 pudicam,
781 3691 824 3743 si
850 3690 970 3761 quis
987 3690 1179 3743 harum
1199 3706 1382 3741 rerum

354 3772 514 3841 paulo
542 3772 764 3823 liberior
791 3767 1070 3840 indagator
1099 3781 1252 3821 esset.
1279 3768 1350 3821 N.

441 3869 464 3903 1
482 3870 532 3903 1.
563 3850 865 3903 Admodum.
892 3849 978 3901 Sc.
1007 3870 1036 3903 2
1058 3888 1075 3914 ,
1101 3848 1180 3901 'vs.
1207 3847 1299 3901 55.

445 3949 530 3983 η.
563 3930 888 3983 Candidatus.
913 3928 1092 3982 Alhati
1123 3928 1296 3991 enim,
1326 3924 1384 3980 id

357 4022 458 4073 est,
481 4008 710 4063 candida
739 4021 793 4062 et
827 4028 959 4080 pura
980 4021 1128 4061 veste
1155 4006 1223 4059 ad
1256 4006 1385 4059 deos

358 4087 596 4142 adibant.
629 4090 776 4141 Pers.
801 4089 907 4141 Sat.
929 4088 1022 4141 11:
1055 4113 1077 4136 ι
1106 4100 1385 4157 ...negat0,

358 4167 588 4238 Jupiter,
607 4168 724 4223 haec
747 4168 847 4233 ini,
868 4168 1112 4240 quamvis
1133 4180 1184 4221 te
1211 4168 1383 4221 albata

1468 2814 1671 2885 rogarit
1707 2840 1755 2866 ι.
1806 2814 2044 2867 ΟΑεΔυΒ.
2088 2844 2163 2855 --
2208 2812 2505 2879 Hostiatas,

1467 2894 1659 2945 hostiis
1685 2894 1986 2945 instructas.
2024 2894 2216 2946 Luni.

1554 2980 1643 3036 τά.
1688 2974 1875 3043 Quaene
1937 2976 2118 3043 ejectoe.
2153 2971 2295 3026 Vide
2338 2973 2499 3045 Epid.

1467 3052 1539 3117 V,
1577 3071 1604 3104 2
1626 3090 1644 3117 ,
1690 3052 1787 3116 54.
2152 3088 2179 3122 9

1557 3150 1647 3201 17.
1671 3132 1889 3194 Nescie's,
1914 3129 1972 3184 id
1996 3144 2102 3197 est,
2122 3132 2181 3184 in
2195 3132 2329 3185 locis
2350 3132 2507 3203 igno-

1469 3210 1534 3263 tis
1576 3210 1738 3264 dubia
1780 3225 1833 3265 et
1874 3212 2079 3266 incerta
2118 3230 2230 3281 spe.
2274 3212 2507 3265 Nescium

1468 3291 1675 3361 passive
1700 3292 1912 3362 posuit,
1958 3310 2059 3363 pro
2088 3291 2293 3361 ignoto.
2322 3291 2506 3343 Armi·
2572 3324 2577 3329 ·

1467 3370 1591 3421 nius
1620 3370 1765 3440 apud
1786 3372 1955 3424 Tacit.
1992 3370 2183 3423 Annal.
2208 3372 2263 3433 1,
2298 3371 2355 3423 in
2384 3388 2505 3423 orn·

1470 3449 1617 3501 tione
1648 3449 1717 3503 ad
1750 3452 2085 3505 Cheruscose
2126 3471 2148 3494 ι
2166 3450 2303 3501 Aliis
2329 3450 2505 3520 genti-

1469 3528 1571 3581 bus
1607 3530 1907 3601 ignorantia
1938 3528 2153 3601 imperii
2183 3530 2393 3581 romani
2418 3530 2506 3582 in-

1471 3621 1689 3678 experta
1718 3628 1827 3661 esse
1855 3610 2147 3680 supplicia,
2192 3610 2368 3662 nescis
2397 3607 2509 3662 'tri-

1469 3688 1597 3740 buta
1625 3714 1672 3742 ι.
1696 3690 1875 3742 Nescia
1900 3690 2081 3741 tributa
2099 3727 2115 3750 ,
2147 3702 2207 3741 ut
2233 3688 2321 3741 hic
2342 3693 2505 3741 nescia

1471 3768 1613 3831 loca,
1660 3787 1777 3841 quae
1816 3769 2149 3839 ignorantur.
2186 3766 2317 3822 vid.
2361 3769 2506 3823 Gen.

1470 3847 1579 3913 IX,
1609 3866 1712 3913 123
1744 3850 1874 3901 item
1898 3850 2053 3919 Capt.
2074 3848 2163 3912 ΙΙ,
2198 3867 2248 3899 2.
2274 3848 2446 3901 Boxn.

1558 3928 1652 3982 25.
1690 3928 1813 3981 Ce'bo
1836 3948 1964 3995 meo,
2005 3928 2042 3981 i.
2066 3945 2114 3980 e.
2136 3946 2259 3979 meo
2292 3941 2509 3989 sumtu3

1473 4008 1567 4077 qui
1595 4008 1755 4061 servit
1788 4008 1975 4073 alieni,
2015 4008 2081 4059 ab
2116 4025 2185 4059 eo
2226 4008 2314 4060 cni
2345 4007 2509 4061 servit

1477 4104 1605 4139 eum
1631 4086 1703 4139 ali
1725 4089 1811 4157 jus
1837 4101 1932 4142 est.
1971 4086 2077 4144 Sed
2114 4086 2271 4140 aliter
2308 4088 2387 4141 ibi
2422 4105 2509 4140 res

1479 4165 1657 4220 habet.
1693 4167 1761 4221 N.
