3067 5017
667 494 830 543 ιω·
1040 419 1048 426 ’
1415 461 2027 541 SUPPOSI'TA.

655 622 688 657 α
715 617 866 664 Μιι.
908 596 1130 681 Lem,
1185 607 1261 660 tu
1316 605 1436 660 aut
1492 593 1775 661 amicam
1818 593 1984 661 mihi
2020 590 2137 661 des
2176 590 2425 680 facito,
2480 610 2599 664 aut
2642 595 2788 664 auri

949 703 1184 772 reddas
1215 702 1380 792 mihi
1423 704 1696 770 minam.
2138 726 2147 738 ¹
2249 753 2257 763 .
2738 728 2795 768 3⁰

652 841 688 877 α
711 837 864 884 LYc.
904 813 1059 883 Vin’
1109 813 1452 881 tibicinam
1507 837 1728 882 meam
1772 812 2075 882 habere?
2122 835 2275 883 2111„
2322 813 2511 886 Nihil
2558 840 2791 886 moror

944 923 1286 991 tibicinam
1319 947 1335 989 z
1372 925 1653 1009 nesciaS,
1739 963 1744 972 -

635 1059 686 1095 0«
712 1034 962 1102 Utrum
987 1033 1048 1101 ei
1074 1032 1362 1125 majores
1393 1032 1707 1100 buccaenc
1727 1055 1848 1117 ‚an
1871 1041 2177 1099 mammae
2195 1031 2392 1099 sient.
2422 1053 2579 1100 LYc.
2595 1031 2789 1100 Dabo

946 1140 1128 1236 quod
1170 1140 1448 1234 placeat.

650 1279 686 1314 α
708 1273 928 1320 Acon.
957 1253 1160 1320 Cura.
1197 1273 1352 1320 mc.
1379 1253 1641 1321 Aurum
1668 1275 1815 1319 cras
1850 1264 1953 1318 sat
1988 1247 2266 1319 referam
2303 1263 2517 1319 tuum.
2569 1272 2785 1321 Acon.

879 1425 893 1440 ,
942 1362 1172 1430 Facito
1214 1361 1282 1428 in
1320 1361 1643 1430 memoria
1683 1360 1951 1430 habeas.
2616 1427 2623 1432 .

655 1497 690 1535 α
715 1469 1136 1560 mrQMilcs,
1169 1495 1446 1564 sequere
1492 1496 1620 1540 mc.
1670 1495 1825 1540 mL.
1885 1472 2033 1565 Ego
2078 1493 2239 1538 vero
2272 1493 2538 1562 sequor.
2569 1494 2787 1540 Acon.

944 1578 1132 1668 Quid
1173 1581 1302 1668 ais,
1341 1580 1626 1674 patrue?
1654 1579 1928 1674 quando
1962 1581 2123 1649 hinc
2166 1579 2263 1648 ire
2304 1579 2561 1675 cogitas

647 1716 682 1752 α
706 1689 1236 1784 Carthaginem?
1266 1714 1422 1758 nam
1449 1704 1670 1759 tecum
1700 1715 1836 1759 una
1866 1692 1962 1760 ire
1994 1704 2253 1761 certum
2288 1704 2413 1758 est.
2449 1713 2627 1760 ΒΑΝ.
2656 1690 2791 1759 Ubi

942 1799 1235 1892 primum
1273 1814 1510 1893 potero
1646 1807 1659 1822 “
2740 1816 2792 1856 ³⁵

651 1934 686 1969 ιι
712 1903 927 1976 Illico.
955 1931 1174 1978 Acon.
1207 1911 1392 1980 Dum
1421 1911 1807 1979 auctionem
1837 1909 2048 1997 facio,
2075 1908 2186 1979 hic
2212 1933 2385 2004 opus
2406 1923 2506 1978 est
2533 1909 2793 2004 aliquos

943 2031 1022 2084 ut
1055 2041 1326 2087 maneas
1363 2018 1524 2088 dics.

654 2152 688 2188 α
715 2147 891 2196 mm.
928 2125 1192 2196 Faciam
1227 2126 1322 2195 ita
1357 2142 1434 2196 ut
1466 2129 1591 2198 vis·
1608 2151 1825 2200 Aaou.
1842 2130 2007 2224 Age,
2046 2128 2158 2213 sis,
2200 2150 2469 2217 eamus,
2506 2150 2633 2198 nos
2674 2153 2793 2198 cu-

901 2249 906 2254 ’
951 2259 1193 2305 remus,
1233 2236 1555 2308 Plaudite.
1580 2268 1615 2304 »
2060 2237 2063 2244 '
