3067 5017
584 423 726 509 324
1410 415 1909 498 srlchS,

581 570 727 617 ΒιΝ.
776 546 924 612 Tua
960 536 1143 635 quod
1179 534 1345 606 nihil
1385 536 1622 625 refert,
1673 562 1760 606 ue

582 660 815 728 Cures.
858 675 1020 722 cm..
1058 647 1246 739 Quid
1285 647 1475 718 isteic
1520 647 1740 716 inest?

582 788 731 835 υιΝ.
770 763 962 851 Quas
996 774 1073 829 tu
1108 758 1295 827 vides
1331 754 1698 826 colubras?
2507 759 2516 771 ·
2680 771 2738 809 s.-

578 899 735 946 εει..
773 870 962 962 Quid
998 884 1137 939 tam
1172 867 1586 937 iracundus?
1621 890 1770 936 nm.
1817 865 1888 934 Si
1928 864 1997 932 in
2036 878 2102 932 te

578 984 811 1055 Pudor
846 980 1058 1067 adsit,
1096 1002 1233 1047 non
1272 1002 1380 1045 me
1416 974 1732 1071 adpelle&

579 1119 738 1165 GEL.
781 1095 1060 1185 Possum
1104 1090 1277 1157 scire
1311 1112 1395 1157 ex
1436 1102 1503 1156 te
1539 1086 1830 1155 verum?

578 1228 728 1276 ΜΝ.
770 1208 971 1274 Potes
1001 1228 1018 1271 ε
1061 1198 1263 1269 hodie
1303 1223 1443 1268 non
1482 1196 1797 1267 coenabis.

1059 1506 1517 1597 SCENA
1594 1506 2281 1597 SECUNDA.

807 1744 1326 1815 PANEGYRIS
1343 1794 1363 1829 ,
1414 1744 1945 1814 GELASIMUS
1968 1796 1988 1830 ,
2021 1743 2519 1817 DINACIUM.

578 1972 748 2021 ΡΑΝ.
783 1947 1152 2036 Quisnam,
1184 1942 1496 2028 obsecre,
1545 1943 1666 2011 has
1702 1941 1954 2038 frangit
1988 1941 2231 2013 foreis?
2257 1944 2374 2013 ubi
2411 1943 2566 2014 est?

586 2058 760 2130 Tun’
790 2054 931 2126 hebo
963 2053 1171 2124 facis?
1207 2050 1349 2121 tun’
1383 2052 1551 2121 mihi
1583 2051 1720 2122 huc
1758 2052 1970 2122 hostis
2000 2051 2232 2122 venis?

586 2192 745 2241 εει..
766 2163 987 2251 Salve,
1017 2178 1137 2232 tuo
1165 2162 1486 2232 arcessitu
1513 2163 1713 2232 venio
1735 2161 1892 2232 huc.
1915 2185 2080 2233 ΡΑΝ.
2104 2160 2270 2231 Ean’
2294 2162 2510 2258 gratia
2536 2163 2748 2236 foreis

882 2272 1247 2367 ecfringis?

548 2398 554 2404 “
591 2411 749 2460 GEL.
796 2387 980 2455 Tuos
1016 2380 1342 2469 inclama,
1383 2383 1483 2452 tui
1529 2380 1989 2477 delinquont:
2031 2406 2202 2477 ego,
2249 2382 2413 2479 quid
2462 2411 2569 2455 me
2609 2384 2746 2455 vel-

884 2492 1022 2577 le5‚
1060 2491 1403 2561 visebam:
1456 2520 1463 2527 ·

585 2606 764 2677 Nam
800 2600 1112 2696 equidem
1147 2600 1391 2669 harum
1418 2564 1799 2671 miserebat.
1833 2625 1986 2672 nm.
2021 2606 2206 2699 Ergo
2242 2602 2570 2674 auxilium
2598 2630 2748 2700 pro-

882 2735 1045 2805 pere
1085 2708 1329 2778 latum'
1331 2722 1415 2778 st.
1933 2750 1938 2755 ·
2723 2737 2748 2776 ⁵

592 2848 761 2897 put.
800 2822 1133 2913 Quisnam
1168 2818 1317 2889 heic
1361 2816 1664 2911 loquitur
1703 2832 1843 2887 tam
1890 2844 2103 2916 prope
2145 2820 2316 2890 nos?
2349 2845 2503 2893 mn.
2537 2821 2751 2891 Dina-

889 2931 1095 2999 cium.
1140 2954 1309 2999 PAN.
1356 2929 1494 2998 Ubi
1534 2928 1592 2997 is
1633 2927 1777 2998 est?

592 3068 738 3116 nm.
775 3042 1059 3136 Respice
1100 3064 1238 3125 me,
1283 3054 1353 3108 et
1388 3037 1694 3132 relinque
1736 3053 2041 3133 egentem
2082 3041 2491 3134 parasitum,
2527 3045 2749 3111 Pane·

892 3151 1091 3245 gyris,

600 3285 771 3331 ΡΑΝ.
806 3254 1199 3330 Diuacium!
1235 3281 1381 3327 nm.
1417 3259 1604 3327 Istuc
1632 3256 1937 3326 indidere
1977 3282 2224 3327 nomen
2251 3260 2534 3365 majores
2555 3261 2752 3332 mihi.

601 3396 767 3443 ΡΑΝ.
807 3369 993 3461 Quid
1024 3367 1216 3463 agis?
1258 3393 1403 3439 υιΝ.
1451 3367 1641 3458 Quid
1676 3392 1910 3462 agam,
1955 3369 2258 3463 rogitas?
2291 3394 2454 3443 ΡΑΝ.
2491 3336 2753 3461 Quidni
2843 3360 2848 3365 ⁸

896 3476 1227 3574 rogitem?
1262 3501 1413 3549 nm.
1451 3476 1640 3567 Quid
1679 3502 1940 3548 mecum
1978 3492 2078 3547 est
2111 3478 2280 3549 tibi?

688 3681 779 3736 50.
798 3680 938 3751 Quas
959 3690 1013 3731 tu
1027 3676 1167 3730 vides
1191 3676 1459 3730 colubrae?
1484 3677 1638 3731 Insa-
1723 3696 1860 3750 quos
1883 3678 2153 3751 agitabant
2169 3716 2188 3746 ,
2223 3681 2568 3752 putabantur.
2595 3680 2760 3736 Mun.

605 3780 739 3816 num
761 3758 893 3813 dicit
914 3776 1028 3812 ease
1046 3757 1340 3829 parasitum
1371 3774 1528 3829 puer,
1555 3768 1636 3810 at·
1808 3756 1840 3812 5
1853 3778 1904 3811 ι.
1928 3759 2119 3826 Pudor,
2138 3758 2396 3814 modestia
2412 3799 2429 3825 ‚
2447 3778 2554 3831 qua
2573 3778 2762 3815 caveas

606 3859 713 3915 que
734 3858 766 3893 a
796 3837 971 3891 Furiis
993 3848 1048 3889 et
1070 3836 1403 3908 intemperiis
1414 3836 1632 3908 agitarig
1724 3855 1795 3891 ne
1842 3834 2092 3893 molestus
2132 3839 2222 3893 aia.
2245 3870 2328 3885 —-
2351 3840 2586 3911 Adpeues
2601 3876 2618 3899 ,
2669 3857 2762 3893 me

604 3918 836 3990 ideoque
872 3936 941 3971 ex
974 3936 1041 3970 eo
1067 3915 1283 3987 querit,
1326 3934 1457 3987 quas
1486 3917 1639 3969 colu·
1726 3916 1794 3970 ad
1820 3916 2242 3989 colloquendum
2263 3918 2437 3972 adeas.

604 4002 729 4055 bras
750 3996 955 4051 videat:
975 3994 1123 4067 quod
1150 3995 1323 4049 Furia
1346 4013 1463 4048 non
1486 3994 1638 4049 undis
1811 3996 1863 4049 5.
1888 3998 2038 4051 Nam.
2056 3999 2142 4052 Cf.
2158 3998 2481 4064 CistenJV,
2506 4016 2559 4061 a,
2589 4015 2762 4051 10.—

604 4076 771 4135 modo
790 4075 1120 4142 ardentibus,
1136 4072 1230 4129 sed
1245 4075 1483 4129 colubris
1502 4093 1640 4147 quo-
1725 4076 1919 4129 Harum
1947 4078 2169 4131 forium.
2211 4108 2290 4119 —-
2320 4078 2501 4133 Auxit.
2527 4078 2677 4131 latum
2698 4079 2764 4130 'st

600 4177 711 4230 que
750 4174 811 4212 ac
846 4155 1183 4227 serpentibus
1216 4154 1471 4209 insectari
1512 4172 1606 4210 eos
1620 4193 1638 4222 ,
1725 4156 1793 4209 ab
1813 4156 1972 4225 hera,
1994 4170 2057 4211 ut
2077 4156 2179 4211 tibi
2209 4158 2462 4229 placeret.
