3067 5017
909 452 1245 524 ACTUS
1291 458 1355 542 1,
1408 456 1741 527 scENA
1792 456 1900 525 11.
2339 454 2476 552 557

322 600 553 665 QUER„
578 576 727 645 Hoc
764 574 966 644 etiam
1011 576 1355 670 imputas?
1393 602 1535 647 ΕΑΒ
1581 600 1756 647 ΒΑΜ.
1796 582 1860 648 Ο
1901 578 2232 667 Querole,
2277 606 2479 651 sanus

325 714 393 757 es
448 702 515 755 et
564 685 831 754 felicem
873 700 936 754 te
983 712 1205 782 negas.
1264 688 1437 757 Vide
1489 714 1574 756 ne
1614 688 2046 781 postmodum
2101 690 2362 760 felicem
2413 709 2478 762 te

323 798 525 867 fuisse
566 797 754 865 scias.
815 822 1021 880 Qui-zu.
1078 802 1223 866 Jam
1266 799 1578 893 superius
1621 797 1954 884 dixeram,
1991 800 2162 869 bene
2213 827 2478 872 mecum

322 909 569 1003 agitur,
599 908 711 975 sed
729 908 919 1000 juxta
948 906 1113 975 alios
1147 906 1342 976 male.
1383 933 1519 977 Lan
1549 932 1722 977 ΒΑΜ.
1761 910 1956 975 Certe
1987 910 2169 1001 apud
2201 926 2265 979 te
2289 913 2480 983 bene.

322 1042 537 1102 Quian.
589 1022 846 1086 Fateor.
910 1040 1051 1086 LAR
1112 1042 1284 1089 EAM.
1354 1018 1546 1107 Quid
1579 1017 1820 1109 quaeris
1859 1016 2191 1110 amplius?
2257 1046 2473 1105 Qui-za.

322 1129 553 1216 Quare
587 1126 699 1195 alii
739 1125 1026 1195 melius?
1060 1151 1198 1197 ΜΒ
1226 1151 1399 1196 ΒΑΜ.
1426 1125 1576 1195 Jam
1611 1126 1740 1193 hoc
1784 1125 1870 1193 ad
1906 1128 2227 1197 invidiam
2263 1133 2474 1225 perti·

317 1253 452 1308 net.
492 1262 699 1321 Quen.
740 1236 872 1306 Sed
913 1251 1090 1305 recte
1126 1236 1413 1306 invideo,
1452 1239 1626 1307 Nam
1667 1262 1815 1333 sum
1860 1236 2154 1319 deterior
2191 1241 2468 1312 inferio-

320 1349 527 1418 ribus.
574 1372 715 1417 ΕΑΒ
772 1371 946 1417 ΕΔΜ.
1010 1346 1197 1437 Quid
1240 1347 1295 1415 si
1338 1345 1706 1416 feliciorem
1758 1361 1890 1415 tete
1945 1348 2235 1436 edoce0,
2267 1376 2468 1444 quam

318 1473 475 1527 sunt
499 1458 647 1545 isti,
674 1457 757 1525 de
781 1456 1025 1551 quibus
1060 1456 1359 1525 dicturus
1381 1454 1499 1525 es?
1527 1480 1735 1538 QUER.
1775 1458 1950 1525 Tum
1991 1457 2197 1551 igitur
2230 1458 2430 1529 facies
2449 1516 2470 1549 ,

318 1569 598 1663 posthac
648 1568 986 1657 Querolus
1030 1565 1295 1635 nullum
1330 1568 1676 1660 permittat
1709 1568 1922 1660 queri.
1965 1583 2128 1637 ΕΑΒ.
2164 1594 2336 1639 EAM.
2375 1574 2480 1639 Ut

315 1680 663 1773 negotium
690 1680 775 1746 sit
804 1677 1073 1745 brevius
1105 1691 1173 1745 et
1209 1673 1531 1763 lucidiuS,
1569 1693 1966 1771 argumenta
2001 1704 2335 1749 removeo.
2363 1686 2470 1751 Tu

318 1788 663 1858 fortunam
706 1788 951 1869 dicito,
996 1788 1189 1881 cujus
1235 1787 1358 1855 tibi
1397 1786 1698 1855 conditio
1737 1785 2018 1879 placeat.
2063 1793 2324 1859 Sortem
2363 1815 2476 1859 au-

319 1914 489 1985 tem,
538 1923 744 1994 quam
783 1899 924 1992 ipse
968 1898 1289 1984 volueriS,
1312 1898 1455 1992 jam
1501 1922 1685 1965 nunc
1723 1895 1922 1966 dabo,
1960 1901 2256 1966 Tantum
2299 1897 2470 1968 illud

319 2023 661 2079 memento
685 2061 705 2093 ,
739 2033 824 2077 ne
857 2023 1083 2102 puteS,
1116 2033 1309 2102 posse
1348 2023 1415 2076 te
1452 2006 1706 2100 aliquid
1736 2006 2087 2101 deplorare
2123 2023 2323 2102 atque
2357 2034 2474 2077 ex-

322 2121 577 2215 cipere,
608 2118 789 2188 uude
824 2117 1081 2212 aliquid
1108 2116 1369 2211 legeris.
1406 2142 1617 2199 QUER.
1650 2116 1914 2187 Placeat
1942 2119 2154 2211 opti0.
2178 2121 2282 2187 Da
2309 2120 2477 2189 mihi

321 2230 588 2300 divitias
618 2244 817 2324 atque
840 2229 1131 2297 honores
1157 2226 1511 2314 militareS,
1529 2226 1633 2296 vel
1665 2230 2112 2298 mediocriter.
2139 2254 2274 2301 LAR
2297 2256 2476 2307 EAM.

318 2340 512 2411 Istud
549 2341 670 2408 tibi
707 2354 1023 2433 proestare
1071 2322 1256 2405 valeo
1289 2362 1304 2405 :
1342 2362 1576 2405 verum
1619 2336 1789 2405 illud
1832 2337 2018 2424 vide,
2053 2339 2105 2405 si
2139 2354 2212 2407 tu
2255 2339 2474 2409 valeas

318 2448 598 2545 implere
628 2448 814 2543 quod
854 2448 1046 2543 petis.
1088 2472 1300 2531 Quen.
1343 2446 1579 2536 Quid?
1607 2471 1745 2517 Lan
1777 2472 1948 2517 EAM.
1987 2452 2186 2517 Potes
2224 2449 2480 2520 bellum

320 2585 588 2657 gerere,
636 2559 889 2627 ferrum
944 2559 1249 2654 excipere
1280 2611 1299 2642 ,
1358 2558 1570 2626 aciem
1619 2557 1982 2652 rumpere?
2021 2582 2224 2643 QUER.
2285 2561 2478 2628 Istud

318 2694 664 2763 nunquam
700 2668 913 2762 potui.
953 2692 1088 2738 Lan
1126 2692 1304 2739 ΕΔΜ.
1348 2668 1532 2738 Cede
1573 2669 1778 2763 igitur
1817 2668 2091 2762 praemio
2127 2683 2329 2762 atque
2358 2669 2476 2737 ho-

315 2781 595 2849 noribus
632 2779 737 2849 his
769 2779 885 2874 qui
926 2794 1209 2872 possunt
1236 2779 1487 2847 omnia.
1526 2802 1742 2862 Quen.
1772 2776 2018 2859 Saltem
2060 2778 2317 2872 aliquid
2357 2806 2476 2849 no-

318 2890 421 2960 bis
451 2891 673 2959 tribue
708 2890 778 2957 in
808 2904 997 2984 parte
1032 2887 1216 2959 civili
1254 2904 1321 2957 et
1359 2879 1748 2956 miserabili.
1784 2912 1916 2957 Lan
1959 2912 2134 2958 EAM.
2161 2888 2282 2957 Vis
2313 2913 2474 2983 ergo

318 3001 546 3071 omnia
582 3015 649 3069 et
684 2998 949 3094 exigere
988 3014 1054 3067 et
1090 2998 1479 3067 exsolvere?
1514 3023 1726 3082 Quiza.
1755 3001 1981 3082 Attat,
2012 2996 2142 3065 hoc
2179 2998 2468 3067 excidit:

312 3114 454 3208 jam
500 3126 813 3183 neutrum
857 3109 1031 3179 volo,
1082 3111 1152 3179 Si
1192 3108 1355 3203 quid
1399 3110 1610 3202 igitur
1645 3123 1836 3204 potes
1862 3161 1880 3193 ,
1928 3110 2064 3175 Lar
2093 3106 2474 3193 familiariS,

321 3223 525 3294 facito
570 3236 645 3291 ut
702 3222 826 3291 sim
874 3222 1175 3316 privatus
1230 3234 1295 3288 et
1348 3233 1605 3313 potens.
1655 3242 1794 3288 Lan
1831 3240 2010 3287 ΕΔΜ.
2077 3219 2458 3286 Potentiam

320 3332 696 3427 cujusmodi
751 3330 1094 3425 requiris?
1151 3352 1361 3414 Quen.
1422 3331 1521 3397 Ut
1564 3327 1730 3396 mihi
1771 3325 1963 3395 liceat
2009 3323 2293 3420 spoliare
2333 3353 2470 3396 non

322 3443 673 3529 debentes;
738 3442 992 3513 caedere
1035 3440 1289 3511 alienos
1315 3494 1333 3527 ,
1398 3440 1654 3509 vicinos
1696 3452 1920 3505 autem
1959 3450 2028 3504 et
2069 3435 2472 3529 spoliare-et

322 3552 591 3623 caedere.
642 3577 781 3621 Lan
821 3576 997 3623 EAM.
1060 3555 1197 3634 Ha,
1242 3550 1357 3634 ha,
1390 3549 1477 3617 he
1502 3602 1521 3633 ,
1561 3547 2022 3633 latrocinium,
2066 3537 2203 3613 'non
2244 3548 2500 3639 poten·'

323 3663 485 3731 tiam
531 3662 837 3755 requiris,
880 3665 1028 3729 Hoc
1063 3659 1266 3728 modo
1308 3660 1558 3745 nescio,
1595 3656 1854 3751 edepol,
1895 3654 2468 3749 quemadmodum

324 3774 623 3867 praestari
659 3772 787 3840 hoc
824 3771 1034 3865 possit
1072 3770 1193 3838 tibi
1227 3796 1243 3837 :
1285 3784 1508 3838 tamen
1549 3767 1800 3836 inveni.
1852 3766 2073 3835 Habes
2120 3765 2302 3859 quod
2352 3792 2470 3835 ex·

323 3899 536 3976 optas..
574 3884 807 3968 Vade,
847 3883 932 3951 ad
970 3883 1280 3977 Ligerem
1322 3882 1556 3949 vivit0.
1614 3903 1822 3963 Quen.
1867 3877 2053 3967 Quid
2104 3875 2292 3945 tum?
2335 3873 2474 3949 mli

325 4018 501 4065 rm.
545 3992 690 4063 Illic
726 3994 879 4087 jure
918 3993 1215 4089 gentium
1259 3992 1498 4059 vivunt
1536 3989 1842 4057 homines
1885 4014 1898 4053 ε
1935 3987 2030 4053 ibi
2078 3984 2336 4055 nullum
2377 4002 2480 4055 est

324 4104 777 4198 praestigium:
817 4104 909 4173 ibi
938 4102 1279 4197 sententiae
1310 4098 1628 4195 capitales
1658 4098 1738 4166 de
1773 4097 2014 4166 robore
2042 4096 2478 4191 proferuntur
2530 4114 2536 4119 ’

324 4228 395 4283 et.
427 4215 818 4285 scribuntur
860 4215 929 4281 in
970 4214 1229 4283 ossibus
1263 4239 1277 4280 :
1315 4210 1451 4281 illic
1490 4211 1693 4278 etiam
1745 4209 1972 4278 rustici
2019 4223 2374 4302 perorant,
2409 4223 2476 4277 et
