3067 5017
764 644 1258 751 ACTUS.
1334 648 2067 782 QUINTUS.

946 1084 1362 1173 SCENA
1426 1049 1872 1179 PRIMA.

1212 1309 1602 1380 LABRAX.

338 1464 567 1618 Qms
610 1540 719 1583 me
754 1529 853 1584 est
890 1515 1295 1584 mortalium*
1324 1514 1652 1599 miserior,
1692 1516 1809 1607 qui
1847 1516 2028 1583 vivat
2061 1515 2230 1587 alter
2258 1520 2484 1611 hodie-²
2563 1558 2567 1565 ,

333 1626 547 1713 Quem
588 1625 674 1693 ad
711 1642 1214 1719 recuperatores
1246 1625 1453 1695 modo
1496 1624 1848 1693 damnavit·
1873 1624 2383 1724 Pleusidippus?

330 1735 732 1828 Abjudicata
768 1760 804 1803 a
849 1761 957 1804 me
994 1737 1198 1805 modo
1232 1753 1331 1806 est
1360 1734 1712 1806 Palaestra:
1751 1735 2055 1829 perditus
2096 1738 2276 1809 sum!

328 1848 497 1915 Nam
547 1844 818 1913 lenones
856 1872 936 1914 ex
976 1847 1223 1941 gaudio
1259 1848 1460 1916 credo
1501 1871 1642 1915 esse
1679 1862 2094 1940 procreatoS‚

327 1958 425 2024 Ita
461 1957 717 2025 omneis
752 1956 1124 2042 mortaleis‚
1164 1959 1215 2025 si
1252 1958 1416 2051 quid
1450 1971 1548 2025 est
1589 1957 1749 2025 mali
1788 1955 2050 2044 lenoni,
2077 1960 2391 2053 gaudent.
2449 1983 2474 2021 ⁵

329 2066 523 2134 Nunc
550 2064 830 2134 alteram
868 2065 1085 2155 illam,
1121 2093 1269 2161 quae
1304 2092 1451 2135 mea
1492 2080 1632 2151 est,
1668 2068 1876 2135 visam
1917 2068 2050 2137 huc
2081 2070 2151 2138 in
2189 2074 2471 2142 Veneris

620 2174 893 2262 fanum,

332 2282 569 2353 Saltem
588 2300 667 2354 ut
694 2306 838 2355 eam
855 2285 1223 2374 abducam,
1250 2287 1331 2356 de
1350 2286 1546 2355 bonis
1565 2286 1747 2380 quod
1775 2302 1980 2357 restat
2013 2288 2469 2383 reliquiarum.

784 2521 1233 2612 SCENA
1326 2521 2010 2625 SECUNDA.

984 2750 1363 2837 omnm,
1413 2752 1804 2819 LABRAX.

330 2959 506 3006 elur.
548 2941 953 3035 Nunquam,
994 2937 1267 3031 edepol,
1304 2937 1503 3006 hodie
1543 2936 1626 3005 ad
1663 2961 2006 3030 vesperam
2043 2940 2334 3034 Gripum
2376 2943 2472 3012 in·
2554 3012 2564 3021 ,

613 3049 901 3141 spicietis
940 3050 1164 3116 vivom
1190 3104 1207 3131 ‚

324 3162 463 3230 Nisi
501 3160 773 3231 vidulus
798 3164 964 3231 mihi
990 3162 1315 3259 redditur.
1348 3186 1557 3231 LABR.
1590 3162 1799 3239 Perii,
1823 3187 2028 3256 quom
2057 3165 2464 3235 mentionem

322 3272 489 3339 Fieri
522 3272 729 3341 audio
761 3297 1042 3366 usquam
1080 3270 1329 3358 viduli,
1365 3271 1556 3366 quasi
1591 3269 1746 3365 palo
1783 3288 2014 3366 pectus
2051 3273 2312 3343 tundat.

324 3404 506 3452 elur.
544 3382 693 3453 Illic
721 3382 1033 3452 scelestus
1073 3382 1241 3451 liber
1277 3396 1407 3467 est3
1453 3408 1578 3476 ego
1618 3382 1734 3477 qui
1771 3382 1839 3449 in
1879 3383 2048 3451 mari
2086 3365 2412 3475 prehendi

323 3494 482 3561 Rete
520 3508 725 3587 atque
754 3496 980 3587 excepi
1022 3490 1324 3561 vidulum
1346 3546 1363 3578 ,
1402 3491 1560 3559 dare
1597 3493 1659 3559 ei
1694 3494 1950 3586 negatis
1987 3491 2377 3585 quidquam.
2434 3510 2458 3551 ⁵

324 3622 513 3673 LABR.
560 3606 695 3671 Pro
740 3601 808 3669 di
847 3603 1290 3690 inmortaleis‚
1335 3626 1456 3671 suo
1498 3602 1661 3670 mihi
1701 3602 1812 3670 hic
1851 3626 2155 3671 sermone
2196 3601 2461 3673 adrexit

608 3736 854 3781 aurem.

402 3886 454 3920 2.
482 3869 876 3939 Recuperatores.
905 3866 1049 3921 Vide
1087 3858 1341 3923 Bacchid.
1432 3869 1675 3939 loquatur.
1761 3866 1868 3918 Alii
1942 3866 2185 3919 scribunt
2262 3870 2456 3922 tundas.

326 3945 377 3997 II
398 3986 411 4011 ‚
442 3946 495 4013 3,
527 3949 620 4001 36.
834 3962 843 3969 ·
1424 3983 1429 3991 -
1518 3954 1573 4011 4.
1597 3948 1710 3999 Illic
1726 3986 1741 4011 ,
1763 3946 2064 4000 Trachalio.
2096 3976 2176 3987 —-
2203 3948 2350 4000 Liber
2373 3963 2462 4015 est,

404 4032 456 4089 4.
487 4028 639 4081 Nam.
660 4027 867 4081 Cistell.
886 4029 990 4095 IV,
1018 4050 1069 4093 α,
1101 4047 1187 4082 10.
1437 4025 1499 4079 fit
1533 4027 1780 4079 libertus.
1808 4058 1889 4067 —-
1918 4026 2033 4095 Ego
2064 4032 2160 4097 qui.
2189 4028 2462 4083 Anacolu-

408 4105 459 4157 3.
520 4106 737 4159 Tundat.
807 4107 1016 4180 Supple
1038 4148 1053 4173 ,
1122 4111 1206 4180 qui
1262 4108 1365 4157 hoc·
1440 4107 1610 4159 thum.
1636 4104 1768 4159 vid.
1793 4106 1950 4161 Most.
1971 4107 2014 4167 1,
2045 4107 2100 4173 3,
2126 4108 2218 4175 93.
