3067 5017
518 354 523 359 ’
582 345 727 433 504
1264 336 2067 425 TRU'CULENT'US.

582 474 783 540 Nunc
813 470 1055 538 habeas
1084 484 1159 540 ut
1178 486 1485 559 nanctus,
1505 497 1739 541 verum
1768 472 1896 540 hoc
1913 496 2041 565 ego
2061 485 2127 537 te
2145 469 2448 538 multabo
2463 470 2648 539 bolo:
2675 504 2727 544 7⁰

578 583 707 649 Sex
746 580 1007 648 talenta·
1032 606 1275 675 magna
1310 606 1349 649 a
1385 581 1542 650 dote
1577 582 1837 650 demam
1873 606 1998 673 pro
2036 582 2158 649 ista
2197 580 2483 650 inscitia.

509 722 521 745 τ
578 712 727 761 nm.
768 695 957 759 Bene·
982 690 1444 784 agis-mecum.
1476 716 1672 761 cam..
1717 691 1960 759 Filium
2000 692 2200 759 istinc
2237 704 2428 759 tuum
2470 707 2536 761 te
2582 718 2726 759 me-

874 799 1049 868 liu’st
1086 817 1411 894 repetere.

578 902 947 995 Gatterum,
990 934 1287 979 :uxorem
1312 965 1331 997 ,
1386 934 1589 1006 quam
1651 911 1948 1006 primum
2017 923 2269 1003 potest,
2335 909 2596 978 abduce
2651 934 2734 978 ex

872 1020 1145 1088 aedibus.

578 1131 723 1223 Ego
766 1128 933 1198 adeo
955 1131 1096 1222 jam
1130 1128 1228 1197 illi
1268 1131 1600 1199 remittam
1641 1130 1954 1198 nuntium
1999 1129 2208 1197 adfini
2247 1154 2434 1197 meo:

580 1241 824 1309 Dicam
862 1256 937 1309 ut
974 1240 1169 1309 aliam
1210 1240 1663 1309 conditionem
1701 1238 1842 1307 filio
1879 1240 2177 1307 inveniat
2219 1264 2363 1308 suo.
2527 1250 2536 1259 “
2682 1254 2736 1307 7⁵

582 1374 737 1419 nm.
768 1354 859 1418 At
884 1374 1012 1443 ego
1039 1351 1123 1418 ab
1154 1350 1279 1418 hac
1303 1374 1589 1444 puerum
1621 1374 2003 1443 reposcam,
2025 1375 2111 1416 ne
2146 1374 2302 1417 mox
2330 1348 2582 1417 infitias
2605 1364 2735 1417 eat.

582 1459 772 1531 Nihil
804 1475 941 1528 est:
972 1483 1127 1527 nam
1168 1460 1309 1552 ipsa
1342 1460 1483 1528 haec
1516 1458 1731 1547 ultr0,
1765 1475 1842 1528 ut
1867 1458 2117 1528 factum
2131 1459 2209 1527 ’st
2233 1511 2252 1544 ,
2275 1458 2432 1527 fecit
2465 1483 2740 1526 omnem

880 1594 1025 1637 rem
1064 1569 1308 1663 palam.

584 1677 717 1747 Sed
749 1679 1066 1763 nimium,
1096 1676 1251 1771 pol,
1277 1680 1663 1773 obportune
1695 1704 1848 1749 ecce
1877 1680 1962 1747 ab
1991 1704 2130 1747 sese
2161 1678 2506 1772 egreditur
2533 1677 2737 1746 foraS.

578 1788 701 1859 Nae
736 1789 861 1856 ista
900 1784 1246 1855 stimulum
1294 1786 1574 1882 longum
1623 1790 1869 1875 habet,
1924 1812 2072 1882 quae
2118 1813 2331 1883 usque
2376 1788 2566 1857 illinc
2623 1814 2745 1855 cor

878 1898 1122 1991 pungit
1165 1894 1434 1967 meum!

1084 2130 1526 2265 SCENA
1627 2130 2276 2249 QUARTA..

728 2369 1366 2451 PHRONESIUM,
1416 2368 1953 2437 DINARCHUS
1973 2420 1991 2455 ‚
2047 2368 2602 2436 ASTAPHIUM.

588 2608 757 2655 Pnn.
800 2583 1012 2653 Blitea
1059 2599 1125 2652 et
1170 2581 1351 2652 lutea
1386 2598 1486 2651 est
1526 2583 1877 2668 meretrix,
1918 2582 2045 2651 nisi
2082 2608 2230 2677 quae
2263 2583 2438 2677 sapit
2476 2584 2548 2651 in
2583 2584 2744 2651 vino

883 2692 969 2762 ad
1010 2718 1150 2761 rem
1188 2716 1398 2774 suam,

587 2803 658 2874 Si
702 2802 830 2872 alia
868 2804 1168 2871 membra
1206 2803 1364 2872 vino
1406 2803 1756 2890 madeant,
1801 2827 1920 2872 cor
1954 2802 2042 2871 sit
2081 2800 2314 2871 saltem
2352 2804 2674 2873 sobrium.

586 2916 761 2985 Nam
783 2913 951 2982 mihi
978 2912 1227 2981 dividia
1242 2910 1361 2993 ’st‘,
1380 2914 1770 2983 tonstricem
1801 2938 2014 2981 meam
2036 2914 2128 2982 sic
2157 2912 2515 2982 mulcatam
2537 2912 2740 3000 male3

588 3026 686 3092 Ea
722 3023 925 3107 dixit,
965 3047 1120 3090 eum
1160 3023 1489 3092 Dinarchi
1526 3048 1814 3117 puerum
1850 3018 2191 3092 inventum
2229 3023 2468 3095 filium.

594 3156 749 3203 nm.
782 3131 1015 3212 Ubiid
1042 3132 1540 3226 audivit‚quam
1561 3157 1762 3227 penes
1789 3147 2046 3203 estmea
2070 3133 2288 3200 omnis
2309 3158 2412 3201 res
2429 3146 2499 3199 et
2517 3120 2748 3201 liberi?

590 3270 762 3317 Pfln.
780 3246 995 3314 Video
1018 3272 1276 3331 eccum,
1296 3249 1411 3345 qui
1436 3261 1916 3316 manstutorem
1949 3272 2054 3317 me
2073 3246 2418 3341 adoptavit
2445 3248 2663 3316 bonis,
2719 3268 2745 3306 6

1716 3460 1825 3513 ulla
1871 3478 1886 3512 :
1961 3458 2107 3513 unde
2167 3458 2474 3514 convicium
2537 3458 2754 3511 feminis

1715 3538 1862 3611 apud
1885 3538 2247 3593 Menandrum
2268 3538 2473 3591 faciunt
2501 3538 2679 3591 mariti
2697 3563 2748 3589 ι.

658 3452 765 3530 ’7ο.
802 3458 873 3513 Ut
897 3472 1099 3517 nanctus
1121 3478 1177 3514 es
1198 3480 1336 3527 eam,
1368 3474 1425 3515 ut
1450 3473 1547 3515 est.

684 3557 717 3608 7
729 3557 751 3591 1
763 3578 775 3591 .
802 3538 1005 3596 Inscieia
1022 3579 1039 3604 ,
1060 3540 1425 3611 improbitate.

680 3636 775 3687 7¹·
805 3616 1160 3673 Conditionem.
1185 3620 1305 3674 Aul.
1330 3621 1406 3683 11,
1436 3639 1463 3672 2
1484 3656 1501 3685 ‚
1538 3623 1628 3673 60.

658 3760 668 3773 υ
685 3716 708 3749 1
724 3734 737 3747 .
773 3698 967 3751 Blitea.
1014 3698 1342 3753 Dicebantur
1393 3694 1629 3767 βλιτοίὸες

597 3776 656 3828 in
680 3791 1030 3837 contemtum.
1064 3773 1339 3841 But-028⁸«,
1376 3778 1632 3849 inquiunt

597 3856 957 3927 grammatici,
984 3859 1036 3909 αἱ
1058 3860 1263 3918 εὐτελεῖς
1285 3860 1514 3929 γυναῖκας
1533 3897 1550 3923 ,
1573 3856 1632 3910 id

604 3950 709 4001 est,
749 3940 1023 4007 nugatoriae
1065 3936 1311 3999 mulieres,
1367 3950 1427 3994 ut
1472 3948 1632 3991 vocat

604 4014 806 4071 Festus.
831 4017 1067 4073 Plinius:
1108 4042 1131 4065 ι
1154 4018 1351 4069 Blitum
1380 4017 1525 4071 iners
1551 4016 1631 4069 vi-

602 4094 779 4161 detur,
797 4116 858 4149 ac
880 4098 994 4153 sine
1014 4116 1205 4171 sapore
1224 4110 1316 4152 aut
1336 4097 1630 4155 acrimonia

1717 3620 1876 3673 Seu..

1802 3699 1857 3751 3.
1880 3700 2032 3753 Nam.
2045 3698 2398 3769 Disjunctiva.
2419 3696 2626 3751 Ci-stell.
2645 3696 2749 3757 IV,

1721 3798 1776 3843 α,
1802 3797 1888 3831 ιο.
1915 3810 1991 3821 --
2012 3778 2237 3831 Dividia.
2263 3778 2455 3830 Bacch.
2475 3778 2576 3834 IV,
2611 3779 2664 3840 6,
2697 3794 2749 3827 1.

1805 3861 1856 3910 6.
1883 3858 2238 3909 Mans-tutorem
2267 3876 2340 3909 me
2381 3856 2649 3925 adoptavit.
2676 3855 2754 3907 Ut

1720 3955 1939 4006 manceps
1984 3948 2090 4001 est,
2129 3938 2222 4007 qui
2261 3956 2421 3989 manu
2456 3936 2636 4005 capit3
2675 3934 2752 3986 ita

1719 4029 1990 4068 man-stator
2011 4016 2106 4086 qui
2138 4034 2304 4071 manu
2345 4027 2530 4067 tuetur
2575 4026 2628 4067 et
2669 4025 2750 4064 te·-

1718 4108 1814 4148 net
1829 4134 1846 4164 ,
1867 4096 2071 4167 quique
2092 4094 2347 4166 possidet.
2374 4095 2563 4150 Tuan.
