3067 5017
586 435 729 523 426
1304 445 1313 454 ·
1364 435 1954 522 ΤΒΙΝυΜυε,

580 583 864 631 effluxu.
912 555 1304 627 Charmides
1348 581 1472 651 ego
1512 581 1682 627 sum.
1725 581 1871 628 stc.
1921 557 2432 653 Nequidquam,
2471 561 2738 653 hercle,

873 694 943 737 es
975 694 993 737 z
1026 693 1183 748 nam
1228 667 1399 736 nibil
1438 671 1586 738 auri
1631 669 1796 738 fero.

456 765 465 772 .
573 780 796 852 Nimis
834 793 1071 872 argute
1107 777 1462 871 obrepsisti
1500 779 1570 846 in
1609 803 1806 873 eapse
1838 778 2363 850 obcasiuncula:

572 895 938 984 Postquam
971 912 1095 982 ego
1132 912 1241 956 me
1268 912 1511 958 aurum
1545 888 1722 958 ferre
1759 887 1934 976 dixi,
1967 903 2118 982 post
2151 904 2227 960 tu
2270 890 2484 960 factus
2517 889 2734 960 Char-

877 998 1113 1067 mides.

572 1110 767 1182 Prius
805 1125 878 1178 tu
906 1134 1045 1177 non
1080 1133 1259 1195 «ει-33,
1296 1133 1499 1202 quam
1530 1109 1678 1178 auri
1717 1108 1844 1178 feci
1873 1111 2288 1179 mentionem
2319 1135 2338 1178 t
2373 1110 2542 1179 nihil
2569 1111 2732 1206 agis.

567 1218 794 1292 Proin’
820 1236 895 1289 tu
935 1235 998 1288 te
1042 1219 1313 1308 itidem,
1354 1235 1429 1288 ut
1472 1220 1952 1290 Charmidatus
1993 1245 2094 1308 eS,
2133 1245 2403 1290 rursum
2456 1221 2735 1292 rechar-

872 1328 1079 1399 mida.
2653 1349 2732 1390 ι35

571 1464 848 1512 οΗΛιιΜ.
898 1439 1071 1530 Quis
1112 1463 1237 1533 ego
1274 1464 1423 1508 sum
1462 1440 1694 1534 igitur,
1741 1441 2075 1535 siquidem
2119 1441 2174 1510 is
2221 1465 2361 1510 non
2399 1467 2584 1531 sum,
2615 1445 2733 1537 qui

868 1552 1063 1622 sum?
1097 1576 1245 1623 syc.
1287 1552 1472 1641 Quid
1512 1551 1581 1620 id
1622 1552 1708 1620 ad
1749 1577 1854 1621 me
1890 1551 2198 1622 adtinet?

574 1667 760 1734 Dum
800 1661 909 1732 ille
955 1689 1039 1730 ne
1082 1665 1171 1731 sis
1194 1717 1213 1750 ‚
1248 1688 1448 1756 quem
1488 1689 1618 1757 ego
1657 1689 1798 1733 esse
1835 1663 2028 1752 nolo,
2065 1666 2156 1732 sis
2193 1689 2339 1732 mea
2381 1689 2581 1734 causa
2612 1663 2732 1758 qui

876 1771 1082 1841 lubet.
1288 1859 1297 1866 ι

572 1885 769 1953 Prius
798 1908 934 1951 non
953 1884 1007 1951 is
1031 1883 1326 1978 eraS‚qui
1356 1907 1531 1950 eras:
1559 1908 1742 1952 nunc
1767 1884 1820 1952 is
1838 1884 2210 1979 faetus‚qui
2229 1899 2374 1954 tum
2403 1911 2542 1954 non
2562 1909 2732 1955 eras.

573 2019 852 2066 CHARM.
895 1998 1037 2088 Age
1072 1995 1125 2062 si
1172 1993 1337 2088 quid
1375 1995 1543 2089 agis,
1587 2019 1737 2065 svo.
1775 1996 1960 2085 Quid
2001 2023 2126 2091 ego
2165 1996 2402 2092 agam?
2448 2021 2730 2068 cunm.

866 2109 1129 2174 Aurum
1170 2104 1388 2173 redde.
1426 2128 1573 2174 src.
1615 2107 1964 2175 Dormitas
1989 2159 2008 2190 ‚
2049 2131 2271 2176 senex.

574 2239 852 2287 omnm.
891 2219 1130 2284 Fassus
1166 2215 1603 2286 Charmidem
1638 2216 1897 2285 dedisse
1927 2242 2168 2286 aurum
2201 2217 2350 2286 tibi.
2389 2241 2535 2287 stc.
2567 2217 2734 2288 Scri·

869 2327 1057 2394 btum
1106 2327 1404 2419 quidem.
1947 2412 1954 2427 Ι
2109 2338 2116 2344 ’
2654 2351 2733 2394 1⁴0

570 2459 846 2507 CHARM.
882 2441 1213 2531 Properas
1236 2491 1255 2525 ‚
1282 2463 1367 2506 an
1402 2463 1538 2507 non
1572 2463 1893 2533 properas
1929 2439 2118 2508 abire
2152 2453 2454 2508 actutum
2493 2439 2580 2506 ab
2623 2437 2730 2506 his

866 2548 1251 2641 regionibus
1277 2602 1295 2635 ‚

573 2658 1033 2742 Dormitator‚
1078 2659 1471 2751 priusquam
1505 2685 1630 2752 ego
1669 2659 1820 2728 heic
1857 2673 1922 2727 te
1953 2658 2160 2751 jubeo
2193 2656 2473 2727 mulcari
2502 2657 2730 2729 ‘malei’

566 2793 714 2839 sve.
743 2768 1247 2857 Quamobrem?
1275 2793 1550 2858 onaan..
1586 2771 1768 2859 Quia
1805 2768 1994 2837 illum
2028 2771 2611 2863 quem-ementitus
2631 2794 2732 2856 es,

864 2903 991 2974 ego
1029 2903 1174 2946 sum
1214 2880 1394 2973 ipsus
1432 2879 1875 2966 CliarmideS‚

569 2994 791 3082 Quem
832 2991 952 3058 tibi
988 2988 1301 3082 epistolas
1337 2990 1597 3059 dedisse
1633 2992 1841 3060 aibas».
1879 3015 2028 3060 svo.
2057 2985 2246 3059 Eho!
2275 3013 2500 3085 quaeso
2538 3013 2620 3056 an
2653 3003 2728 3056 tu

867 3099 922 3166 is
961 3099 1076 3168 es?
2671 3121 2678 3127 ·

594 3263 599 3268 .
653 3220 783 3273 135.
815 3218 1155 3270 Recharmida.
1193 3218 1402 3270 Festive
1441 3220 1600 3270 Plau·
1694 3221 1860 3272 Boxn.
1890 3249 1968 3260 —-
1997 3219 2336 3272 Recine-mida.
2371 3217 2574 3290 Lepide
2603 3237 2729 3271 con-

566 3313 653 3353 tus
715 3299 957 3351 aiiudens
1026 3297 1095 3352 ad
1154 3299 1315 3368 graeci
1370 3299 1603 3351 nominis
1692 3299 1876 3352 fictum
1909 3299 2098 3350 Plauto
2122 3300 2374 3363 verbum,
2407 3311 2466 3352 ut
2493 3300 2727 3350 Moiiero

564 3376 765 3450 (χάρμη
786 3419 801 3442 ,
849 3379 1021 3429 laeeitiu
1041 3376 1060 3438 )
1125 3379 1565 3448 significationem
1585 3418 1601 3443 ,
1691 3380 1804 3431 haec
1831 3397 1844 3430 :
1871 3391 1921 3428 et
1947 3379 2046 3429 l'on
2069 3399 2141 3429 me
2159 3380 2342 3430 desosie
2359 3378 2506 3453 ηψπ,
2533 3378 2727 3430 Comme

567 3457 913 3514 Charmidem
961 3458 1076 3509 auri
1118 3458 1393 3511 mentione
1434 3461 1599 3511 inter·
1692 3478 1756 3510 on
1779 3477 1906 3509 vous
1929 3459 2396 3531 de'samplu'eaeyonne.
2430 3457 2494 3510 N.
2529 3475 2534 3480 ·
2585 3476 2599 3488 ’

563 3539 739 3610 posita
768 3537 1090 3590 deiectatum
1111 3577 1125 3601 ,
1168 3551 1219 3588 et
1248 3536 1600 3590 Charmidem
1779 3540 1908 3609 137.
1939 3539 2052 3589 Mea
2087 3559 2270 3602 causa,
2324 3557 2420 3609 per
2453 3555 2538 3590 me
2577 3539 2723 3591 licet.

564 3619 893 3690 professum,
936 3619 1087 3688 jubet
1120 3633 1177 3668 se
1209 3619 1596 3681 nahar-midam,
1691 3617 1850 3689 Epid.
1874 3619 1946 3682 V,
1973 3637 2000 3670 a
2024 3655 2041 3682 ,
2072 3626 2162 3682 ¹4·

564 3700 670 3752 hoc
701 3711 809 3760 est,
828 3711 1142 3766 conceptam
1172 3697 1405 3749 laetitiam
1438 3711 1491 3750 et
1520 3717 1600 3750 as·
1781 3697 1911 3765 139.
1950 3701 2064 3767 Age
2101 3703 2146 3750 si
2172 3697 2296 3768 quid
2318 3701 2447 3766 agis.
2489 3697 2723 3749 Locutio

560 3791 792 3831 sumtum
818 3795 1014 3829 nomen
1034 3776 1599 3846 deponere.DunAlu-.
1691 3778 1958 3849 urgentis,
1986 3779 2024 3830 i.
2050 3797 2103 3848 q.
2127 3776 2376 3848 agedum.

570 3889 641 3901 —-
666 3857 993 3927 Simpliciter
1014 3857 1340 3926 interpretor
1359 3875 1373 3908 ε
1392 3860 1480 3910 Tu
1504 3858 1601 3929 qui
1779 3877 1801 3912 1
1817 3865 1908 3922 40.
1942 3857 2184 3910 Scre’btum
2207 3859 2415 3931 quidem.
2455 3857 2622 3920 Quasi
2645 3854 2728 3908 di·

559 3936 903 3992 Charmidem
928 3950 979 3989 te
1004 3937 1201 4000 fecisti,
1230 3955 1411 3990 rursus
1442 3950 1493 3990 te
1521 3957 1605 3990 re·
1689 3951 1797 3991 cat:
1824 3939 1945 3990 Non
1974 3939 2145 4009 ipsum
2173 3953 2364 3990 aurum
2393 3936 2524 3988 mihi
2551 3935 2721 4000 dedit,

558 4017 851 4078 charmida,
876 4015 1219 4069 Charmidem
1242 4028 1296 4068 te
1315 4035 1425 4070 esse
1442 4035 1596 4088 nega.
1689 4017 1782 4070 sed
1827 4031 2031 4071 tantum
2073 4020 2188 4070 auri
2227 4035 2490 4070 summam
2537 4016 2594 4068 in
2639 4030 2722 4069 ta·

559 4099 705 4152 Nihil
736 4098 872 4169 agis,
904 4097 1043 4148 nihil
1074 4097 1347 4150 obtinebis
1374 4099 1598 4150 nomine
1685 4098 1844 4151 benis
1875 4111 2131 4150 notatam.
2157 4099 2344 4150 an.

552 4180 659 4234 isto
688 4178 821 4232 falso
854 4189 909 4230 et
946 4177 1044 4229 tibi
1084 4195 1193 4229 non
1233 4191 1594 4250 competente.
1773 4184 1905 4242 ¹4²·
1929 4180 2256 4238 Dor-mirator.
2279 4177 2464 4249 -Suptn
2499 4195 2595 4246 9⁰·
