3067 5017
614 385 745 459 132

1340 367 2125 469 PSEUDOLUS‚'

598 532 835 579 Psnun.
876 508 1023 575 Iam
1062 505 1211 575 heic
1248 529 1363 574 ero
1394 532 1411 575 ε
1462 528 1695 575 verum
1727 521 1918 589 ⁸extra
1952 518 2218 599 portam
2257 506 2538 577 Metiam
2578 528 2740 577 cur·-

897 615 1181 685 rendum
1196 615 1275 684 ’st
1310 618 1517 709 priuS.

527 778 535 785 -
599 752 754 798 cn..
822 726 1008 816 Quid
1042 724 1173 794 eo?
1222 726 1768 797 PSEUD..Lanios
1807 726 1966 795 inde
2013 751 2343 795 arcessam
2381 727 2548 797 duos
2589 754 2750 798 cum

891 836 1383 906 tintinnabulis,
1486 876 1495 889 ·

590 949 843 1019 Eadem
888 946 1024 1015 duo
1070 971 1299 1041 greges
1334 946 1676 1041 virgarum
1716 946 1869 1014 inde
1905 944 2282 1016 ulmearum
2327 946 2646 1042 adegem,

587 1061 684 1129 Ut
716 1057 917 1127 hodie
957 1056 1043 1126 ad
1075 1056 1447 1125 litationem
1486 1056 1644 1125 huic
1683 1058 1994 1151 subpetat
2027 1059 2228 1125 satias
2260 1059 2436 1125 Jovi.
2537 1122 2542 1129 ,
2667 1090 2752 1116 mo

588 1174 673 1243 In
710 1166 953 1240 malam
994 1192 1259 1237 crucem
1308 1167 1459 1236 istic
1496 1165 1622 1234 ibit
1657 1167 1934 1263 Jupiter
1977 1166 2304 1236 lenonius.

588 1302 787 1349 ΒΑΗ..
809 1284 909 1349 Ex
942 1291 1057 1346 tua
1090 1302 1160 1345 re
1188 1302 1323 1344 non
1358 1291 1487 1361 est,
1522 1290 1602 1343 ut
1627 1301 1757 1371 ego
1787 1278 2096 1345 emoriar.
2119 1300 2365 1347 Psnun.
2393 1273 2752 1368 Quidum?

876 1412 1075 1457 BALL.
1118 1390 1265 1481 Ego
1304 1385 1521 1454 dicam
1564 1386 1685 1453 tibi
1717 1412 1734 1452 ε

584 1499 799 1587 Quia,
833 1495 1068 1591 edepol
1095 1550 1114 1582 ,
1146 1496 1307 1564 dum
1331 1520 1456 1589 ego
1490 1494 1675 1563 vivos
1703 1497 1924 1565 vivam
1953 1548 1972 1580 ,
2000 1520 2346 1589 nunquam
2381 1496 2514 1563 eris
2551 1494 2743 1591 frugi
2823 1518 2830 1523 ·

888 1608 1105 1675 bonae.

582 1740 823 1790 PsEUu.
856 1720 961 1787 Ex
983 1732 1097 1783 tua
1121 1739 1191 1782 re
1220 1740 1360 1782 non
1388 1728 1523 1803 est,
1555 1728 1632 1783 ut
1655 1739 1778 1808 ego
1805 1716 2115 1785 emoriar.
2148 1739 2344 1785 ΒΑΗ..
2378 1714 2734 1803 Quidum?

877 1848 1124 1895 psum).
1164 1825 1283 1894 Sic
1309 1878 1327 1912 ,
1372 1825 1530 1919 quia

579 1938 648 2008 Si
685 1961 809 2031 ego
848 1951 1193 2004 emortuus
1232 1935 1395 2021 sim,
1438 1935 1718 2005 Atheneis
1747 1950 1811 2004 te
1849 1935 1934 2005 sit
1969 1960 2170 2005 nemo
2207 1936 2511 2028 nequior.
2643 1956 2721 1997 ωε

579 2071 737 2117 cu..
778 2045 907 2113 Dic
946 2043 1149 2129 mihi,
1196 2045 1514 2130 obsecro,
1568 2044 1794 2115 hercle
1845 2070 2074 2115 verum
2115 2045 2326 2131 serio,
2374 2046 2506 2115 hoc
2541 2046 2734 2141 quod

876 2170 941 2222 te
982 2178 1168 2247 rogo.

574 2265 735 2335 Non
776 2263 983 2345 habes
1016 2260 1322 2331 venalem
1367 2264 1650 2333 amicam
1690 2280 1766 2333 tu
1797 2290 2012 2336 meam
2049 2266 2519 2335 Phoenicium?

577 2376 964 2458 BALL.Non‚
982 2371 1240 2466 edepol,
1264 2373 1479 2442 habeo
1499 2374 1826 2467 profect03
1844 2398 2000 2441 nam
2017 2373 2420 2467 jampridem
2438 2374 2739 2447 vendidi.

579 2509 735 2557 cu..
792 2481 1200 2572 Quomodo?
1249 2508 1450 2553 BALL.
1502 2485 1660 2553 Sine
1715 2472 2166 2569 ornamentis,
2198 2509 2354 2553 cum
2395 2485 2735 2555 intestinis

874 2595 1209 2663 omnibuS.

665 2803 760 2856 97.
785 2785 949 2837 Extra
971 2796 1166 2853 portam
1186 2781 1391 2834 Metiam
1410 2802 1607 2833 curren-

581 2864 695 2917 dum
798 2865 956 2915 lanios
972 2863 1097 2935 ¹inde
1122 2881 1375 2915 arcessam.
1399 2862 1608 2915 Intelli-

580 2944 660 3016 git
684 2943 957 2997 carnifices
974 2978 992 3005 ‚
1037 2960 1268 3013 quorum
1312 2953 1463 2993 extra
1488 2961 1606 2995 eam

580 3038 787 3095 partem
816 3022 1038 3084 domun,
1072 3020 1141 3073 ad
1172 3020 1445 3073 solennem
1482 3040 1608 3093 sup-

578 3102 755 3175 pliciis
789 3103 987 3155 locum.
1028 3100 1202 3153 Etiam
1244 3100 1393 3155 locus
1430 3114 1607 3155 certus

580 3184 683 3237 ruit
712 3193 863 3235 extra
891 3182 1107 3246 urbem,
1148 3198 1309 3251 quem
1330 3180 1610 3233 Sestertium

580 3262 860 3324 dixerunt,
900 3260 1023 3331 quia
1053 3261 1346 3313 semitertio
1376 3260 1443 3312 ab
1472 3263 1608 3313 urbe

580 3340 796 3395 milliari
820 3360 833 3391 t
863 3339 956 3391 ubi
984 3358 1196 3403 cruce8‚
1250 3340 1495 3411 patibula
1520 3340 1609 3393 de-

578 3423 709 3484 fixa,
760 3418 1015 3473 cadavera
1074 3420 1309 3490 abjecta,
1368 3419 1606 3490 aliaque,

578 3519 697 3573 quae
720 3497 788 3551 ad
816 3498 1078 3568 supplicia
1105 3498 1296 3569 plebis.
1322 3498 1471 3554 Lm..

660 3582 759 3648 98.
789 3578 912 3631 Cum
934 3579 1285 3631 tintinnabulis.
1312 3576 1491 3629 Palam
1526 3591 1606 3631 est

574 3658 851 3713 carnifices
877 3670 930 3711 et
959 3670 1187 3711 tortores
1208 3656 1479 3722 describi,
1506 3648 1604 3727 qui

574 3739 817 3791 solebant
851 3735 1055 3790 caedere
1096 3733 1602 3806 ῃωὸωνοφοροῢντας,

575 3831 636 3879 ‚ut
659 3817 725 3869 ab
752 3816 871 3869 aliis
897 3818 1006 3887 jam
1033 3830 1295 3871 notatum.
1314 3817 1397 3887 'Et
1424 3829 1602 3876 tamen

568 3908 695 3951 sunt
726 3895 820 3966 qui
853 3896 959 3947 hoc
995 3896 1117 3949 loco
1151 3896 1313 3949 etiam
1338 3896 1504 3947 molas
1532 3894 1602 3947 ad

570 3994 728 4029 usum
766 3974 1151 4028 sacrificiorum
1190 3976 1601 4029 comminiscan-

564 4069 675 4109 tur.
697 4056 869 4107 Lusus
892 4066 972 4108 est
992 4055 1223 4113 servuli,
1255 4056 1348 4126 qui
1374 4053 1443 4108 de
1469 4073 1597 4125 sup·

561 4134 727 4206 plicio
743 4174 760 4202 ,
785 4152 896 4205 quo
924 4134 1041 4187 vult
1064 4137 1286 4189 mactari
1316 4135 1595 4200 lenonem,

1704 2782 1948 2853 loquitur
1973 2782 2122 2854 quasi
2145 2780 2212 2835 de
2231 2782 2525 2848 sacrificio,
2544 2801 2654 2853 quo
2669 2784 2738 2845 is,

1704 2882 1866 2935 quem
1915 2864 1948 2915 J
1951 2882 2108 2915 ovem
2147 2862 2249 2916 sibi
2303 2864 2500 2917 fecerat
2545 2863 2740 2931 herus,

1705 2955 1982 2995 mactetur.
2021 2944 2210 3015 Itaque
2250 2962 2353 3012 pro
2395 2943 2740 2997 carnificibus

1704 3020 1835 3075 dicit
1853 3022 2027 3075 lanios
2041 3059 2057 3086 ,
2078 3022 2226 3093 quasi
2255 3023 2576 3075 victimarios
2591 3060 2609 3085 ,
2637 3020 2738 3077 sed

1703 3120 1826 3155 cum
1847 3102 2182 3154 tintinnabulis
2197 3142 2214 3167 ,
2241 3102 2436 3173 quihus
2457 3102 2738 3155 carnifices

1708 3182 1972 3237 ornabant
2000 3182 2210 3246 noxios,
2235 3200 2333 3252 pro
2362 3182 2578 3245 hostiis,
2613 3202 2736 3251 gre-

1703 3280 1791 3330 ges
1835 3265 2078 3329 virgarum
2115 3262 2376 3313 ulmearum
2389 3296 2410 3326 ,
2453 3262 2540 3313 vel
2559 3262 2736 3333 virgas

1703 3340 1761 3393 in
1787 3342 1981 3393 fascem
2013 3341 2302 3411 colligatas.
2331 3342 2512 3395 Gnon.

1787 3438 1884 3490 99.
1919 3420 2128 3475 Eadem.
2155 3422 2352 3473 Bacch.
2380 3423 2428 3482 Ι,
2457 3440 2509 3485 1,
2539 3416 2631 3473 ιδ’.

1791 3500 1915 3555 103.
1939 3501 2108 3572 Nunq.
2129 3503 2223 3552 eris
2249 3502 2388 3569 frag.
2423 3501 2470 3553 b.
2501 3500 2731 3570 Semper

1701 3576 1804 3631 tibi
1833 3580 2166 3633 occasionem
2193 3580 2478 3656 praebebo,
2497 3598 2604 3650 qua
2631 3598 2736 3633 ne-

1701 3658 1922 3727 quitiam
1951 3657 2206 3718 exerceas.

1787 3756 1912 3805 109.
1945 3736 2061 3791 Sine
2085 3742 2378 3791 ornamentis
2405 3741 2522 3791 cum'
2539 3742 2729 3791 intesti-

1700 3818 1775 3867 m‘s
1799 3819 2036 3871 omnibus.
2063 3818 2269 3883 ,1d.est·,
2301 3818 2508 3873 nudam
2541 3818 2732 3871 vendi-

1699 3895 1794 3949 di:
1841 3911 1896 3952 et
1939 3898 2074 3953 inest
2119 3899 2180 3951 in
2219 3898 2302 3951 his
2337 3898 2515 3951 verbis
2553 3898 2728 3953 faceta

1697 3975 1990 4031 antithesis.
2023 3978 2143 4031 Hoc
2167 3996 2232 4031 ex
2259 3978 2522 4031 Lambino
2550 3971 2748 4047 usque=

1694 4068 1962 4125 repetunt.
1995 4059 2071 4110 At
2099 4070 2346 4127 poterant
2383 4055 2594 4129 aliquid
2621 4055 2724 4111 do·

1695 4135 1847 4189 etius.
1861 4136 2070 4208 Nempe
2084 4138 2230 4191 huuc
2243 4156 2542 4193 sermonem
2555 4150 2730 4191 trans·-
