3067 5017
860 379 1202 448 ACTUS
1251 381 1320 464 1,
1371 379 1700 450 SCENA
1753 383 1838 450 v.
2292 390 2412 472 ιω

267 525 510 575 PsEUD.
553 501 760 571 Ita’st
791 526 806 570 z
841 501 1244 596 jampridem
1283 516 1359 569 tu
1403 525 1512 570 me
1556 503 1851 596 spernis,
1892 505 2149 594 sentio;

263 620 546 685 Parvam
585 636 726 680 esse
763 609 942 704 apud
981 626 1046 679 te
1091 611 1261 679 mihi
1301 609 1503 680 fldem
1543 613 1686 707 ipse
1726 612 2095 711 intellego:

265 726 476 818 Cupis
509 748 618 791 me
653 747 794 791 esse
829 745 1120 817 nequam
1141 776 1160 807 ‚
1205 736 1426 791 tamen
1471 747 1589 792 ero
1624 723 1802 820 frugi
1842 726 2060 796 bonae.

265 859 410 905 sm.
445 838 611 919 Fac,
651 834 770 921 εἰς,
806 833 1104 916 vacivaS‚
1139 832 1506 920 Pseudole,
1542 833 1740 905 aedeis
1772 838 2073 924 aurium,

266 951 424 1014 Mea
463 961 536 1024 ut
577 944 864 1038 migrare
899 944 1077 1012 dicta
1120 945 1378 1037 possint
1421 969 1559 1038 quo
1594 944 1776 1014 volo.
2366 969 2419 1010 ss

265 1079 513 1126 Psnun.
550 1059 728 1148 Age,
760 1051 1032 1146 loquere
1071 1053 1233 1148 quid
1271 1055 1402 1139 vis,
1437 1054 1701 1124 tametsi
1744 1055 1865 1124 tibi
1904 1058 2287 1128 subcenseO.

263 1191 408 1236 snt.
443 1165 684 1234 Mihin’
709 1163 982 1232 domino
1021 1187 1247 1234 servos
1281 1177 1356 1232 tu
1387 1164 1801 1234 subcensesi'
1836 1189 2083 1236 estun.
2113 1171 2261 1236 Jam
2294 1166 2417 1236 tibi

263 1275 522 1343 Mirum
561 1274 632 1342 id
665 1274 976 1343 videtur?
1007 1297 1147 1343 sm.
1195 1271 1469 1360 Hercle,
1507 1274 1671 1368 qui,
1708 1288 1783 1342 ut
1819 1289 1895 1342 tu
1938 1276 2287 1369 praedicas,

265 1386 656 1454 Cavendum
677 1384 758 1452 'st
791 1385 881 1452 mi
919 1384 1038 1452 abs
1072 1399 1136 1452 te
1174 1384 1347 1452 irato
1380 1411 1397 1452 :
1437 1398 1640 1476 atque
1675 1382 1809 1453 alio
1852 1400 1928 1453 tu
1966 1385 2173 1454 modo

263 1499 378 1565 Me
413 1495 802 1580 verberare,
838 1508 1042 1588 atque
1073 1516 1198 1587 ego
1237 1508 1304 1562 te
1345 1489 1562 1580 sole0,
1596 1495 1872 1587 cogitas.
2362 1515 2417 1558 σο

265 1631 425 1676 cu..
456 1605 642 1694 Quid
669 1605 941 1673 censes?
977 1602 1252 1697 edepol,
1290 1605 1531 1672 merito
1568 1629 1708 1672 esse
1742 1605 1989 1672 iratum
2028 1605 2348 1694 arbitror,

263 1718 490 1805 Quom
536 1713 717 1806 apud
753 1728 822 1782 te
858 1737 1097 1806 parum
1136 1727 1264 1781 stet
1295 1712 1483 1782 fides.
1525 1737 1674 1782 sm.
1713 1717 1863 1782 Jam
1906 1715 2003 1783 sic
2038 1716 2217 1804 sine,

263 1828 484 1894 Iratus
521 1825 604 1892 sit
636 1849 651 1890 ε
687 1848 812 1917 ego
853 1849 934 1892 ne
969 1823 1138 1918 quid
1175 1837 1447 1908 noceat,
1483 1847 1751 1892 cavero,

265 1935 393 2007 Sed
419 1934 582 2030 quid
611 1933 746 2001 ais?
773 1933 934 2027 quid
963 1934 1126 2019 hoc,
1153 1933 1338 2028 quod
1369 1947 1436 2002 te
1468 1933 1683 2026 rogo?
1713 1953 1953 2004 PSEUD.
1982 1935 2053 2004 Si
2083 1934 2263 2031 quid
2282 1935 2379 2004 vis
2400 1988 2423 2022 ,

559 2069 772 2138 roga:

266 2156 471 2246 Quod
508 2156 733 2241 scibo,
774 2152 1057 2248 Delphis
1102 2154 1223 2222 tibi
1265 2177 1659 2246 responsum
1690 2152 1917 2222 dicito,
1982 2195 1991 2202 .
2359 2177 2416 2218 σε

263 2290 403 2336 sm.
433 2265 734 2336 Advorte
768 2289 929 2358 ergo
964 2264 1266 2331 animum
1289 2315 1308 2347 ,
1351 2278 1418 2332 et
1457 2261 1563 2331 fac
1597 2263 1685 2330 sis
1722 2264 2031 2356 promissi
2071 2289 2347 2338 memor.
2401 2323 2425 2349 χ

263 2376 448 2466 Quid
477 2377 616 2444 ais?
649 2397 927 2468 ecquam
965 2375 1090 2443 scis
1134 2373 1348 2442 filium
1385 2373 1733 2441 tibicinam

261 2489 495 2556 Meum
537 2487 804 2555 amare?
832 2509 1077 2554 psum).
1117 2486 1249 2554 Ναὶ
1277 2485 1418 2579 γάρ.
1451 2507 1598 2552 sm.
1634 2483 1951 2552 Liberare
1982 2509 2185 2576 quam
2214 2487 2416 2559 veliti)

261 2619 501 2666 senno.
541 2597 673 2664 Καὶ
705 2607 882 2664 τοῦτο
915 2595 1013 2662 ναὶ
1055 2596 1191 2689 γάρ.
1220 2617 1365 2662 sm.
1397 2597 1661 2685 Ecquas
1700 2591 1937 2685 viginti
1976 2594 2190 2664 minas

181 2783 188 2790 ,
262 2711 387 2776 Per
421 2706 923 2800 sycophantiam
957 2717 1162 2798 atque
1207 2727 1326 2796 per
1363 2701 1595 2770 doctos
1634 2700 1829 2770 dolos
2356 2739 2419 2782 ς.»-

346 2929 440 2991 54.
459 2928 586 2992 Fac,
607 2920 1086 2991 sis,vacivas.vide
1105 2921 1283 2976 Casin.
1390 2947 1412 2970 ο
1435 2923 1519 2974 De
1558 2941 1619 2974 re
1663 2921 1893 2976 fundere
1937 2922 2045 2976 fata
2080 2923 2323 2980 Sanctius
2356 2941 2413 2982 et

261 3010 476 3080 Prolog.
504 3027 581 3060 vs.
612 3025 702 3074 ²9·
1093 3065 1104 3074 ο
1383 3002 1556 3055 multo
1602 3013 1745 3055 certa
1787 3003 1993 3055 ratione
2041 3005 2205 3074 magis
2248 3023 2410 3078 quam

346 3090 418 3142 58
443 3107 522 3159 sq.
549 3088 652 3156 (ὶηὶ
671 3083 946 3138 Cat-endum
967 3084 1030 3133 'st
1049 3085 1131 3134 rm'.
1163 3081 1284 3151 Qui.
1382 3081 1579 3152 Pythia
1634 3099 1753 3152 quae
1806 3081 2046 3153 Tripode
2097 3103 2160 3136 ex
2216 3086 2409 3153 Plgoehi

259 3170 294 3221 J
297 3181 410 3222 usta
437 3166 669 3237 syntaxis
694 3164 950 3235 poscebat
986 3161 1180 3214 debeam
1205 3181 1286 3212 ca·
1385 3160 1651 3230 lauruque
1672 3161 1922 3231 profatur
1938 3187 1988 3214 ι.
2018 3161 2132 3216 Cic.
2162 3163 2229 3216 ad
2259 3167 2409 3220 Brut.

265 3267 385 3312 rer-e,
403 3247 496 3300 sed
517 3247 816 3315 interrupta
833 3243 1101 3306 oratione,
1131 3242 1280 3294 Simo
1393 3267 1414 3288 ιι
1435 3241 1561 3292 Haec
1590 3259 1653 3292 ex
1682 3242 1901 3294 oraculo
1931 3242 2196 3309 Apollinis
2228 3246 2413 3316 Pythii

259 3329 317 3380 in
342 3329 502 3381 aliam
525 3327 825 3379 orationem
857 3320 1099 3376 deflexit.
1119 3323 1287 3391 Cujus
1387 3319 1528 3372 edita
1576 3319 1677 3371 tibi
1716 3334 1875 3391 puta,
1915 3321 2051 3372 nihil
2090 3335 2267 3396 potest
2300 3344 2411 3380 esse

259 3406 574 3460 anacoluthi
629 3403 872 3474 exempla
941 3421 1051 3454 non
1116 3419 1287 3472 pauca
1380 3399 1563 3453 ‘verius
1582 3425 1633 3454 ι.
1660 3393 1873 3452 Gamo*
1901 3401 2211 3454 -Terent.
2236 3403 2409 3461 Andr.

261 3483 494 3561 quidem·
541 3485 794 3555 reperias.
845 3482 1028 3534 Aulul.
1083 3481 1188 3545 11,.
1223 3487 1286 3546 4,
1385 3479 1488 3544 IV,
1530 3498 1560 3531 a
1584 3518 1600 3545 ,
1638 3479 1739 3532 152
1779 3505 1802 3528 ι
1826 3499 1941 3534 non
1974 3481 2213 3550 Apollini
2244 3486 2413 3556 magis

265 3573 375 3636 693
413 3566 621 3636 captiv.
652 3565 756 3627 IV,
790 3582 818 3615 2
835 3601 850 3628 ,
885 3563 1094 3630 27-363
1116 3559 1281 3631 Epid.
1385 3571 1775 3630 verum,atque
1792 3561 1915 3624 hoc,
1930 3577 2245 3630 responsum
2264 3578 2343 3618 est
2359 3593 2411 3622 ι.

257 3649 348 3711 II,
383 3665 518 3704 151.
551 3643 620 3696 N.
1465 3641 1540 3693 68
1561 3677 1578 3703 ,
1612 3641 1707 3708 69.
1746 3640 1845 3691 Ναὶ
1873 3639 1987 3710 γάρ.
2015 3639 2221 3710 Vulgo,
2263 3669 2287 3691 α
2312 3665 2409 3699 ne-

343 3731 439 3788 64.
469 3725 608 3795 Quid
629 3729 702 3774 ais
721 3729 752 3773 ι’
782 3722 962 3773 Aulul.
993 3722 1092 3785 lv,
1123 3739 1156 3788 9
1179 3757 1194 3782 ,
1232 3739 1286 3790 7.
1385 3737 1510 3790 gare
1539 3735 1719 3770 meum
1740 3719 1805 3770 ’st
1831 3743 1879 3770 ι.
1902 3718 2056 3781 Dein,
2086 3743 2107 3764 α
2131 3721 2233 3774 Καὶ
2260 3732 2409 3781 τοῦτο

343 3806 436 3859 65.
466 3804 665 3874 Delphis
699 3802 788 3854 tibi
820 3819 1090 3871 responsum
1115 3801 1282 3852 dicito.
1385 3800 1470 3852 καὶ
1509 3803 1657 3850 τοῦτο
1700 3817 1835 3868 nego
1859 3825 1906 3862 -,
1928 3799 2143 3851 turbato
2174 3819 2330 3858 sensu
2356 3823 2413 3862 et

259 3884 324 3938 Id
351 3897 454 3948 est,
488 3902 588 3954 pro
617 3894 762 3936 certa
789 3893 844 3934 et
873 3879 1172 3933 inevitabili
1197 3897 1288 3930 ve·
1386 3892 1576 3931 metro.
1610 3879 1777 3930 Recte
1798 3876 2091 3930 doctissimi
2118 3879 2219 3934 viri
2241 3902 2411 3953 graeea

259 3966 420 4017 ritate
437 3964 656 4026 habeto,
677 3981 792 4014 non
813 3977 964 4013 secus
979 3975 1042 4012 nc
1065 3959 1108 4011 si
1122 3959 1288 4028 Apol·
1385 3957 1551 4012 latine
1590 3957 1909 4009 conturbata
1956 3956 2115 4010 fuisse
2158 3979 2187 4012 a
2236 3966 2412 4021 sciolis

257 4044 386 4098 linis
415 4061 514 4096 ore
543 4044 817 4114 prolatum
850 4051 1002 4092 esset.
1026 4035 1287 4091 Eamdem
1385 4036 1707 4108 quibusdam
1736 4036 1967 4091 librariis
1990 4055 2282 4096 senserunt.
2316 4047 2386 4100 N.

261 4124 574 4177 sententiam
596 4125 670 4176 sic
693 4121 850 4182 effert
874 4119 1286 4172 Lucret.lib.V:
1469 4122 1566 4186 69.
1600 4118 1813 4188 Ecquas.
1850 4116 2039 4171 Bacch.
2066 4119 2145 4184 11,
2178 4122 2231 4186 3,
2266 4141 2315 4177 ι,
