3067 5017
914 452 1248 522 Acrus
1298 452 1368 538 1,
1418 452 1762 523 scENA
1826 454 1934 521 11.
2410 475 2506 547 27

350 598 570 648 acon.
612 560 772 663 Quo
814 586 882 642 te
921 574 1120 667 agis?
1155 598 1466 645 ADELPH.
1527 576 1805 669 Egone?
1841 575 1914 643 in
1950 573 2158 645 aedem
2196 576 2503 644 Veneris„

650 707 868 766 Acon.
903 683 1090 773 Quid
1120 683 1250 753 eo?
1283 708 1593 755 ADELPH.
1634 687 1732 753 Ut
1756 688 2095 755 Venerem
2123 672 2504 777 propitiein.

354 818 574 866 Acon.
610 795 757 865 Eho
775 848 794 881 ‚
821 820 907 863 an
945 793 1252 864 irata'st?
1277 796 1609 889 propitia,
1631 794 1855 865 hercle
1875 848 1896 882 ‚
1922 809 2021 865 est
2048 820 2064 863 ε
2092 791 2198 862 vel
2224 818 2357 889 ego
2379 818 2507 887 pro

647 902 760 972 illa
798 903 1120 998 spondeo·

354 1035 658 1083 ADELPH.
727 1012 918 1101 Quid
967 1028 1043 1081 tu
1087 1013 1230 1107 agis
1254 1013 1292 1082 Ξ)-
1345 1013 1511 1107 quid
1547 1014 1716 1083 mihi
1770 1013 2125 1102 molestuS‚
2178 1012 2507 1083 obsecro?

648 1146 866 1193 Acon.
917 1124 1024 1191 Ah
1054 1121 1070 1193 l
1105 1138 1254 1205 ¹tam
1293 1127 1574 1195 saeviter.

351 1254 656 1301 Annum.
683 1233 886 1302 Mitte
907 1286 927 1319 ‚
952 1233 1214 1303 amabo.
1256 1258 1476 1305 Aeon.
1520 1235 1709 1325 Quid
1741 1235 2055 1306 festinas?
2095 1236 2293 1305 turba
2322 1257 2507 1302 nunc

647 1339 782 1409 illei
821 1358 939 1411 est.
981 1366 1296 1413 ADELPH.
1336 1346 1511 1414 Scio,

353 1454 528 1521 Sunt
561 1447 700 1521 illei
743 1452 929 1536 aliae,
970 1479 1137 1549 quas
1176 1470 1476 1548 spectare
1517 1481 1673 1552 ego,
1716 1471 1782 1525 et
1821 1482 1927 1525 me
1958 1456 2244 1551 spectari
2284 1453 2464 1523 vo10.

356 1584 580 1631 AGon.
619 1562 761 1654 Qui
798 1562 984 1633 lubet
1020 1578 1319 1657 spectare
1358 1568 1612 1660 turpeis
1635 1620 1655 1654 ,
1688 1564 2039 1661 polchram
2077 1565 2507 1661 spectandam

653 1673 812 1741 dare
840 1674 870 1741 i)
1119 1714 1126 1723 ·
2431 1694 2511 1733 12⁵*

355 1806 660 1853 ADELPH.
733 1784 916 1872 Quia
977 1784 1159 1879 apud
1195 1785 1402 1854 aedem
1454 1788 1741 1857 Veneris
1781 1786 1983 1856 hodie
2030 1801 2134 1855 est
2172 1799 2509 1855 mercatus

645 1895 1078 1964 meretricius,

349 2006 454 2074 Eo
489 2005 902 2073 conveniunt
937 2020 1340 2075 mercatores
1373 2032 1390 2075 ε
1433 2004 1525 2073 ibi
1573 2031 1698 2101 ego
1735 2032 1843 2075 me
1881 2006 2146 2076 ostendi
2182 2004 2355 2074 volO.

354 2137 580 2185 AGon.
603 2114 1017 2184 Invendibili
1047 2142 1268 2186 merce
1293 2132 1561 2211 oportet
1580 2116 1759 2198 ultro
1784 2134 2114 2187 emtorem
2140 2116 2512 2199 adducere,

353 2225 576 2295 Proba
624 2238 812 2295 merx
848 2226 1042 2297 facile
1091 2243 1420 2297 emtorem
1461 2229 1748 2322 reperit,
1787 2228 2054 2297 tametsi
2092 2228 2161 2295 in
2199 2226 2506 2295 abstruso

645 2338 768 2406 sita
789 2336 890 2406 ’st.

354 2446 547 2536 Quid
579 2448 674 2516 ais
719 2448 837 2516 tu?
881 2448 1156 2541 quando
1194 2446 1327 2517 illei
1365 2448 1547 2545 apud
1583 2472 1691 2517 me
1725 2472 1992 2517 mecum
2030 2462 2236 2541 caput
2268 2460 2335 2515 et
2361 2470 2506 2513 cor-

648 2581 776 2650 pus
816 2555 1134 2651 copulas?
2376 2628 2381 2640 ,
2434 2578 2510 2619 ,3ο

354 2688 660 2737 ADELPH.
706 2668 864 2756 Quo
903 2667 1010 2736 die
1049 2672 1268 2737 Orcus
1305 2670 1391 2739 ab
1437 2670 1819 2739 Acheronte
1856 2684 2162 2741 mortuos
2189 2668 2505 2738 amiserit..

353 2798 570 2846 Aeon.
596 2779 770 2846 Sunt
797 2778 963 2847 mihi
997 2779 1176 2847 intus
1201 2781 1422 2849 nescio
1453 2796 1621 2875 quot
1651 2782 1841 2849 numi
1872 2781 2059 2849 aurei
2089 2778 2502 2875 lymphatici.

354 2910 662 2957 ADELPH.
711 2887 991 2958 Deferto
1046 2888 1131 2957 ad
1187 2915 1322 2979 me,
1360 2890 1516 2960 faxo
1568 2905 1873 2960 actutum
1928 2891 2304 2979 constiterit
2341 2888 2507 2983 lym-

649 2998 1016 3091 phaticum.

345 3176 351 3183 “
441 3198 574 3233 122.
621 3180 764 3250 Quid
796 3192 848 3233 tu
882 3184 1038 3252 agi-51²
1070 3180 1151 3235 Ita
1193 3182 1385 3237 Came-

352 3260 579 3313 ruiana.
604 3261 892 3313 Amantum
922 3262 1067 3314 enim
1097 3281 1246 3315 more
1269 3280 1385 3315 eam

353 3338 690 3394 attrectando
726 3342 1058 3394 morabatur.
1089 3343 1270 3395 Lanu.
1303 3372 1384 3385 —

354 3420 587 3473 Dixisset
602 3458 618 3484 ‚
641 3432 703 3473 ut
721 3421 845 3473 alise
865 3422 1050 3474 multae
1073 3440 1133 3475 ea
1161 3433 1338 3483 mente
1368 3440 1382 3474 :

363 3524 388 3546 ι
414 3518 483 3552 ne
531 3518 617 3553 me
659 3500 848 3571 attigas
869 3525 892 3547 ι
952 3522 966 3553 :
1037 3501 1130 3554 sed
1178 3502 1384 3555 ironice

243 3608 266 3664 ‘⁵
355 3594 503 3631 nunc
548 3580 827 3632 solennem
871 3580 1235 3651 compellandi
1282 3582 1387 3634 for-

357 3656 562 3711 mulam
583 3657 800 3713 adhibet
819 3652 910 3729 (cf.
925 3661 1106 3713 Aulul.
1125 3663 1171 3725 Ι,
1191 3682 1242 3726 2,
1262 3654 1380 3730 39).

359 3734 451 3789 sic
463 3737 772 3807 respondet,
787 3740 1062 3811 quomodo
1081 3741 1192 3793 fere
1215 3742 1384 3811 ipsam

357 3816 452 3869 ille
499 3818 843 3888 compellavit
891 3839 967 3875 vs.
1018 3839 1039 3873 1
1055 3840 1140 3873 ao.
1193 3822 1385 3891 Neque

356 3897 738 3967 Agorastocles
758 3909 964 3952 tantum
987 3897 1242 3954 audebat.
1255 3900 1383 3953 vid.

357 3995 437 4030 vs.
462 3976 591 4042 136,
625 3978 755 4047 137.
776 3978 846 4031 N.

446 4056 572 4110 123.
603 4057 816 4110 Amabo.
846 4058 1026 4112 Casin.
1048 4059 1076 4111 Ι
1095 4097 1112 4123 ,
1153 4078 1176 4111 1
1197 4098 1212 4125 ,
1238 4064 1332 4128 49.

446 4144 580 4202 1²4.
605 4137 734 4191 Illei.
767 4138 964 4210 Amph.
995 4139 1139 4192 Prol.
1176 4138 1305 4193 133.

451 4228 475 4264 1
491 4216 582 4271 25.
608 4215 720 4288 Qui'
739 4218 838 4272 tub.
857 4219 1051 4292 polekr.
1076 4232 1222 4289 spect.
1249 4220 1384 4273 dare.

1473 3182 1604 3235 Haec
1627 3181 1965 3252 explicantur
1992 3198 2095 3234 ηε.
2121 3181 2249 3243 128,
2279 3196 2302 3231 1
2318 3195 2411 3246 ²9·
2434 3177 2511 3231 N.

1562 3261 1687 3314 130.
1722 3261 1865 3331 Quid
1886 3265 1960 3313 ais
1984 3268 2077 3312 tu?
2096 3260 2220 3311 Aul.
2242 3258 2345 3323 IV,
2369 3276 2424 3326 9,
2446 3276 2501 3327 7.

1562 3342 1629 3395 13
1646 3360 1695 3395 1.
1732 3339 1894 3394 Orcits
1936 3342 1999 3393 ab
2029 3340 2325 3393 Acheronte.
2361 3335 2505 3389 Vide

1473 3420 1709 3473 Mostell.
1733 3422 1808 3486 H,
1840 3441 1895 3485 2,
1921 3423 2015 3475 68.

1561 3502 1695 3554 132.
1728 3501 1884 3555 Numi
1917 3499 2213 3573 ζγηψήατίσί.
2258 3495 2505 3568 Antiquis

1473 3580 1721 3653 lymphare
1740 3578 1883 3634 idem
1901 3578 2049 3651 quod
2068 3578 2345 3631 oblucinare
2365 3588 2477 3628 erat
2491 3615 2508 3641 ‚

1473 3672 1768 3732 utrumque
1832 3659 2149 3720 ἑνθουσιοῖζειν
2206 3669 2260 3710 et
2323 3657 2507 3709 furore

1473 3741 1693 3812 corripi.
1720 3742 1865 3811 Ergo
1891 3758 2058 3791 numos
2076 3738 2394 3810 {ymphaticos
2417 3734 2503 3787 di-

1473 3822 1553 3873 xit
1570 3820 1794 3874 Plautus
1812 3826 2142 3891 νυμφιῶντας,
2156 3819 2249 3889 qui
2270 3817 2326 3869 in
2343 3816 2509 3884 bulga

1475 3901 1753 3953 continere
1785 3918 1840 3951 se
1875 3918 1989 3953 non
2030 3910 2255 3970 possunt
2282 3916 2295 3949 :
2324 3896 2506 3967 quales

1473 3978 1839 4051 prodigorum
1860 3996 1969 4031 esse
1992 3979 2183 4031 solent.
2215 3978 2410 4029 Hunis,

1565 4058 1695 4113 133.
1732 4058 1935 4127 Deferto
1966 4059 2037 4110 od
2060 4078 2147 4111 me.
2194 4056 2404 4110 Furiosi
2450 4056 2508 4107 in

1474 4137 1673 4193 medici
1713 4136 1937 4192 domum
1981 4136 2365 4192 deferebantur
2409 4134 2505 4207 qui

1477 4238 1569 4273 eos
1600 4234 1827 4275 curaret.
1854 4218 1984 4273 Vid.
2009 4218 2327 4273 Menaechm.
2346 4217 2417 4279 V,
2455 4212 2517 4278 5,
2632 4220 2641 4224 '
