3067 5017
706 376 719 408 ⁸
786 366 1127 437 ACTUS
1177 367 1263 453 V,
1317 369 1645 453 §CENA
1693 374 1796 439 ΙΙ.
2217 396 2348 471 ²9¹

234 492 430 565 Proin
474 506 549 560 tu
599 488 707 559 vel
754 482 921 577 aiaS,
984 488 1089 559 vel
1128 515 1350 586 neges.
1408 516 1612 561 Lami.
1667 494 1853 585 Quid
1903 490 2092 564 ist'eic
2136 518 2366 567 neces-

520 598 793 685 sum’st‚
828 599 1058 669 video:

238 714 523 787 Dabitur
548 710 899 780 talentum.
928 734 1115 781 emp.
1146 709 1576 781 Adcededum
1598 713 1730 781 huc
1751 734 1767 781 t
1792 714 2023 785 Venus
2050 714 2200 785 haec'
2219 714 2372 785 volo

526 820 812 914 adroget
847 834 931 888 te.
2324 846 2376 894 ιε

241 957 443 1005 LABR.
487 929 695 1020 Quod
727 930 849 999 tibi
885 927 1105 1017 lubet,
1131 929 1201 998 id
1230 930 1397 998 mihi
1426 930 1680 1025 inpera.
1716 956 1905 1004 emp,
1932 939 2160 1031 Tange
2195 952 2378 1005 aram

532 1042 710 1112 hanc
748 1040 1057 1109 VeneriS.
1099 1063 1303 1110 LABR.
1340 1044 1598 1136 Tango·

245 1178 428 1225 eun».
488 1156 619 1222 Per
649 1155 985 1221 Venerem
1034 1151 1216 1223 hanc
1258 1149 1720 1245 jurandum’st
1745 1150 1905 1223 tibi.
1953 1148 2160 1226 Lana.
2200 1156 2389 1247 Quid

533 1259 804 1355 jurem?
844 1284 1038 1331 GR1P.
1076 1260 1281 1350 Quod
1311 1261 1591 1355 jubebo,

246 1396 445 1443 LABR.
485 1372 657 1440 Praei
693 1370 919 1441 verbis
968 1369 1134 1463 quid
1181 1370 1318 1439 vis:
1361 1370 1430 1438 id
1468 1370 1652 1463 quod
1690 1371 1870 1439 domi
1887 1371 2005 1460 Ἧι,
2046 1400 2394 1469 nunquam

544 1478 663 1548 ulli
706 1477 1124 1573 subplicabo.

251 1616 437 1663 mur.
477 1594 662 1661 Tene
705 1614 891 1658 aram
941 1589 1139 1658 hanc.
1195 1612 1399 1658 mnu.
1458 1593 1703 1660 Teneo.
1767 1616 1959 1670 emp.
2005 1593 2298 1690 Dejura‚
2336 1613 2399 1666 te

540 1699 709 1769 mihi
744 1714 1100 1793 argentum
1143 1699 1493 1783 daturum,

264 1812 519 1883 Eodem
566 1811 713 1897 die,
750 1807 957 1879 viduli
998 1810 1114 1878 ubi
1154 1809 1241 1877 sis
1285 1810 1560 1903 potitus,
1604 1834 1813 1880 LABR.
1853 1813 2021 1882 Fiat.
2347 1840 2398 1883 ιο

254 1948 443 1993 emp·
485 1946 695 1992 LABR.
732 1920 1431 2014 VenuS.Cyrenensis‚
1482 1933 1715 1988 testem
1757 1936 1822 1990 te
1866 1938 2074 1992 testor
2107 1927 2304 2015 mihi,

254 2036 321 2102 Si
352 2030 666 2103 vidulum
703 2029 929 2117 illum,
967 2052 1167 2122 quem
1211 2054 1335 2123 ego
1375 2029 1443 2097 in
1488 2031 1981 2124 navi-perdidi,

256 2146 427 2213 Cum
463 2167 631 2211 auro
668 2155 869 2233 atque
904 2153 1183 2233 argento
1226 2136 1481 2208 salvom
1514 2139 2043 2235 investigavero,

256 2260 450 2349 Isque
484 2253 554 2320 in
593 2265 986 2345 potestatem
1024 2272 1241 2317 meam
1276 2251 1673 2342 pervenerit.

262 2389 447 2436 GmP.
480 2366 659 2431 Tum
686 2386 809 2455 ego
840 2361 1001 2429 huic
1026 2360 1243 2452 Gripo
1269 2356 1780 2453 dic0,'inquito,
1811 2376 1877 2429 et
1903 2387 2012 2432 me
2044 2366 2323 2459 tangito.
2355 2389 2404 2428 5⁵

262 2497 461 2544 LABR.
502 2476 680 2542 Tum
716 2497 841 2566 ego
870 2472 1031 2539 huic
1066 2470 1281 2564 Gripo
1316 2468 1499 2555 dioc,
1536 2472 1806 2554 Venus,
1847 2485 1922 2539 ut
1951 2487 2024 2540 tu
2055 2476 2306 2546 audias.

266 2610 454 2655 emp.
498 2606 703 2653 LABR.
750 2579 1107 2652 Talentum
1140 2580 1400 2675 argenti
1436 2604 1760 2673 magnum
1797 2582 2118 2653 continuo
2157 2586 2352 2655 dabo.

265 2719 451 2765 clm».
496 2694 568 2761 Si
608 2691 1002 2778 fraudassis‚
1040 2690 1277 2776 dicito,
1318 2690 1416 2758 uti
1456 2702 1521 2756 te
1557 2690 1626 2756 in
1663 2705 1920 2783 quaestu
1948 2706 2066 2760 tuo

264 2810 499 2876 Venus
536 2802 822 2871 eradicet
859 2815 1065 2895 caput
1098 2815 1297 2894 atque
1332 2814 1592 2869 aetatem
1632 2808 1838 2870 tuam.

264 2922 514 2989 Tecum
553 2916 683 2984 hoc
722 2914 972 2984 habeto
1006 2928 1266 3000 tamen,
1304 2912 1421 2981 ubi
1446 2912 1798 3004 juraveris.
2357 2940 2409 2978 o..

348 3034 445 3100 45.
471 3032 719 3103 Adroget.
752 3033 1079 3105 Interroget,
1108 3044 1162 3084 et
1193 3030 1291 3085 tibi
1380 3028 1622 3083 crederet
1678 3049 1842 3085 nemo
1874 3057 1924 3086 n.
1987 3031 2236 3089 Juvenal.
2291 3036 2402 3091 Sat.

268 3111 641 3187 jusjurandum
664 3126 991 3182 concepturo
1012 3130 1145 3165 voce
1166 3127 1295 3182 prae-
1380 3110 1547 3163 XIV:
1588 3135 1610 3158 ι
1636 3111 1818 3164 Falsus
1852 3111 1953 3165 erit
1993 3114 2142 3166 testis
2165 3132 2178 3166 ε
2224 3115 2406 3170 vendit

274 3208 370 3247 eat.
396 3196 464 3247 In
494 3192 835 3264 stipulatione
870 3204 949 3245 est
972 3191 1296 3261 adstipulator
1380 3190 1622 3260 perjuria
1665 3209 1869 3243 summa
1917 3192 2119 3263 Exigua
2141 3232 2156 3259 ,
2199 3195 2406 3249 Cereris

272 3276 590 3345 plerumque
607 3311 625 3336 ,
650 3283 709 3323 ut
734 3272 791 3325 in
822 3272 1174 3342 promissione
1202 3271 1293 3321 ad·
1380 3280 1599 3341 tangens
1621 3288 1870 3341 aramque
1891 3271 2246 3344 pedemque».
2269 3275 2408 3328 Nam

270 3357 547 3425 promissor.
590 3351 887 3421 stipulator
920 3363 1103 3423 rogat3
1146 3348 1303 3403 adsti-
1387 3362 1438 3402 et
1476 3362 1862 3403 sacramentum
1892 3349 2090 3405 dicturi
2135 3366 2188 3406 et
2223 3373 2408 3425 preca·

277 3434 492 3504 pulator
532 3429 777 3502 adrogat,
804 3433 955 3503 cujus
994 3431 1111 3485 vice
1156 3448 1299 3482 nunc
1387 3429 1496 3481 turi
1522 3448 1637 3481 aras
1662 3430 1974 3499 tangebant,
2003 3432 2089 3483 vel
2117 3435 2404 3488 tenebant:

277 3512 462 3566 Venus
487 3512 619 3574 erit,
644 3513 797 3582 cujus
822 3511 879 3563 in
910 3511 1035 3563 fano
1061 3508 1130 3562 ad
1154 3527 1300 3562 aram
1387 3508 1655 3561 habebant
1687 3509 1831 3561 enim
1872 3528 1976 3563 arae
2013 3512 2224 3565 ansulas
2253 3532 2409 3583 quas-

278 3606 492 3663 pactum
526 3603 849 3644 conventum
869 3590 1055 3643 initur.
1070 3590 1299 3641 Tuum.
1390 3587 1513 3640 dam
1529 3626 1547 3652 ‚
1570 3600 1785 3642 auctore
1808 3589 1999 3660 Scalig.
2023 3591 2269 3645 Bussozc.

363 3676 455 3740 46.
502 3672 674 3739 Tange
718 3690 870 3722 aram.
917 3670 1159 3723 Habetur
1211 3668 1303 3721 hic
1474 3668 1568 3730 48.
1601 3668 1668 3719 Id
1688 3669 1820 3739 quod
1839 3669 1984 3721 domi.
2007 3669 2123 3723 Hoc
2149 3671 2296 3742 quod
2321 3672 2412 3727 ha-

283 3751 509 3804 formula
550 3749 901 3821 jurisjurandi
956 3747 1303 3818 corporaliter
1390 3748 1524 3811 bec,
1553 3759 1606 3799 et
1645 3748 1858 3818 proprie
1895 3766 2076 3801 meum
2119 3764 2230 3817 est,
2271 3772 2415 3805 nun-

286 3830 505 3901 praestiti
530 3830 803 3900 conceptis
822 3829 999 3883 verbis
1014 3867 1029 3893 ,
1048 3842 1101 3881 et
1122 3826 1309 3881 adver·
1395 3845 1554 3899 quam
1582 3826 1797 3880 aliunde
1821 3829 2046 3899 supplex
2076 3842 2270 3899 petam.
2317 3832 2418 3885 Le·

289 3910 421 3963 sario
440 3908 804 3981 praeeunteEt
820 3909 1311 3979 noteturjusjuran-
1398 3925 1567 3959 nones
1627 3907 1772 3959 enim
1842 3908 2065 3978 perjuri.
2135 3908 2424 3983 Allegoria.

293 3988 419 4042 dum
442 3990 547 4043 aris
568 3988 719 4041 tactis
739 3989 1033 4059 praestitum
1050 4026 1066 4051 ‚
1090 3986 1237 4057 quod
1261 3998 1315 4039 et
1400 3987 1586 4039 LAMB.
1616 4015 1697 4027 -—-—
1720 3986 1837 4039 Hoc
1867 4005 2048 4039 versus
2067 3990 2154 4042 .68
2185 3992 2307 4044 satis
2335 4011 2427 4045 ex-

294 4067 480 4121 Cicero
522 4086 627 4139 pro
659 4068 847 4121 Flacco
880 4066 1109 4130 indicat,
1149 4085 1316 4137 quum
1404 4066 1641 4137 plicabit.
1665 4066 1733 4119 N.

298 4146 401 4200 ait:
428 4148 518 4200 «Is
558 4147 605 4199 si
653 4164 802 4203 aram
854 4159 1043 4201 tenens
1083 4148 1314 4217 juraret,
1488 4150 1574 4199 60.
1617 4146 1791 4198 Tecum
1817 4145 1905 4197 laeoc
1939 4147 2126 4199 habeto·
2163 4148 2313 4203 Hanc
2350 4163 2425 4204 ta-

2106 4259 2208 4330 ¹9
