3067 5017
693 425 835 518 452

1340 431 2133 502 TRUCULENTUS
2158 483 2178 516 ‚

690 558 917 645 Quom
958 579 1097 623 rem
1140 552 1476 646 fidemque
1512 579 1768 648 nosque
1805 570 2062 624 nosmet
2104 553 2479 648 perdimu5‚

684 669 789 736 Ne
825 663 991 758 quid
1036 665 1404 757 parenteiS‚
1451 690 1585 733 neu
1623 669 1942 760 congnati
1979 667 2299 736 sentiant.

685 775 916 863 Qu05‚
960 799 1167 868 quom
1212 773 1541 860 celamu3‚
1582 777 1633 844 si
1675 776 1960 846 faximus
2000 776 2347 861 conscioS‚
2791 793 2842 836 ⁴⁰

685 887 825 975 Qui
858 901 1101 953 nostrae
1131 885 1310 953 aetati
1357 887 1760 979 tempestivo
1800 902 2209 981 temperent,

680 996 883 1066 Unde
920 1009 1271 1089 anteparta
1308 995 1542 1064 demus
1580 997 2124 1090 postpartoribus
2150 1051 2168 1083 ,

684 1106 916 1176 Faxim
950 1104 1267 1174 lenonum
1308 1119 1377 1171 et
1412 1105 1787 1174 scortorum
1813 1160 1831 1192 ,
1871 1122 1947 1174 ut
1991 1106 2142 1200 plus
2178 1121 2314 1191 est,
2353 1108 2576 1174 minus

684 1219 772 1287 Et
805 1216 1029 1284 minus
1068 1213 1551 1284 damnosorum
1587 1215 1979 1302 hominum,
2017 1242 2217 1310 quam
2259 1242 2441 1285 nunc
2480 1230 2666 1303 sunt,
2697 1218 2836 1285 siet.

678 1330 854 1398 Nam
892 1349 1069 1394 nunc
1110 1324 1433 1393 lenonum
1472 1339 1540 1394 et
1581 1342 1958 1394 scortorum
2002 1326 2150 1418 plus
2183 1337 2282 1394 est
2327 1325 2501 1410 fere,
2787 1345 2842 1390 ⁴⁵

674 1440 901 1529 Quam
937 1435 1098 1505 olim
1134 1459 1514 1504 muscarum
1530 1434 1650 1521 ’st,
1693 1460 1898 1529 quom
1944 1434 2197 1503 caletur
2235 1459 2568 1504 maxume.

676 1552 851 1620 Nam
886 1570 1217 1640 nusquam
1259 1544 1420 1612 alibi
1462 1547 1515 1613 si
1550 1561 1748 1632 sunt,
1781 1547 2036 1614 circum
2077 1547 2497 1638 argentarias

678 1663 913 1728 Scorta
952 1672 1017 1725 et
1058 1654 1329 1723 lenones
1365 1656 1558 1748 quasi
1597 1656 1832 1724 sedent
1871 1656 2198 1750 quotidie.

676 1773 774 1838 Ea
816 1767 1023 1835 nimia
1046 1763 1124 1833 ’st
1172 1765 1380 1851 ratio;
1422 1767 1674 1858 quippe
1710 1767 1828 1860 qui
1867 1781 2053 1834 certo
2099 1766 2240 1834 scio
2265 1819 2283 1848 ‚

677 1879 816 1947 AEri
855 1875 1006 1970 plus
1048 1889 1421 1943 scortorum
1461 1900 1601 1943 esse
1632 1878 1770 1968 jam
1815 1901 2017 1969 quam
2052 1876 2465 1969 ponderum:
2626 1881 2632 1889 '
2785 1898 2844 1936 ⁵·

682 1991 875 2078 Quos
915 1985 1184 2079 quidem
1231 2009 1431 2077 quam
1469 1985 1554 2053 ad
1603 2012 1744 2054 rem
1784 1987 1999 2055 dicam
2042 1987 2110 2054 in
2149 1988 2546 2082 argentariis

684 2174 1001 2244 Cogitabam
1029 2188 1041 2223 ε
1093 2195 1115 2216 ι
1141 2169 1319 2240 Atque
1343 2169 1457 2222 haec
1486 2170 1718 2223 celamus

684 2273 812 2318 nos,
832 2253 965 2305 clam
991 2250 1128 2302 mira
1147 2248 1412 2301 industria
1433 2249 1580 2300 Dum
1603 2271 1717 2304 rem

684 2332 957 2404 fidemque
980 2356 1001 2377 ι
1024 2346 1041 2394 3
1071 2329 1156 2382 vel
1176 2369 1191 2390 ‚
1214 2351 1235 2373 α
1250 2329 1384 2380 clam
1415 2347 1621 2382 summa
1640 2332 1718 2384 in·

684 2412 889 2468 dustria
917 2413 1062 2462 Dum
1094 2427 1208 2462 rem
1233 2434 1280 2461 n.
1304 2409 1491 2462 Giton.

772 2501 859 2558 40.
894 2493 1051 2561 Quom
1087 2491 1311 2540 celamus.
1346 2491 1425 2542 Eo
1454 2489 1576 2558 ipso
1607 2508 1716 2559 quo

684 2575 807 2629 illos
853 2572 989 2626 saeta
1035 2567 1270 2622 celam‘ns
1320 2583 1592 2638 tempore,
1641 2570 1716 2635 si,

685 2666 901 2717 contra,
928 2650 1036 2704 illis
1062 2649 1337 2702 fateamur.
1364 2655 1430 2702 N.

771 2740 863 2797 41.
892 2734 995 2802 ραι·
1012 2766 1072 2783 ...
1096 2741 1381 2798 temperent,
1408 2743 1469 2783 ut
1502 2727 1720 2782 monitis

681 2826 869 2884 regant
900 2809 1327 2863 adolescentiam.

769 2899 863 2955 4².
894 2890 1052 2944 Unde.
1068 2888 1241 2941 Ambo
1264 2886 1482 2957 quidem
1502 2887 1714 2960 scripti:

692 2973 831 3028 Unde
853 2979 1162 3040 anteparata.
1185 2966 1292 3019 Sed
1317 2968 1457 3020 hanc
1483 2969 1720 3037 particu-

681 3055 789 3106 lam
812 3071 921 3104 nou
952 3060 1211 3118 ceperunt
1234 3065 1247 3099 ε
1273 3046 1395 3100 ideo
1416 3047 1720 3117 placuitUt

681 3154 741 3186 ne
756 3153 776 3186 .·
808 3130 934 3184 ideo
959 3131 1264 3198 rejecerunt
1280 3127 1522 3180 Tui-nebi
1546 3146 1608 3180 ex
1615 3127 1721 3198 pli-

680 3213 967 3270 cationem.
1014 3206 1121 3262 Sed
1164 3209 1221 3261 τὸ
1278 3207 1419 3259 Unde
1476 3225 1716 3279 pei-stupe

680 3291 884 3346 Latinis
914 3301 991 3342 est
1020 3285 1165 3340 idem
1194 3283 1343 3359 quod
1369 3306 1401 3338 a
1424 3306 1543 3356 quo,
1568 3287 1650 3340 vel
1682 3307 1714 3338 a

681 3366 1033 3445 quibus.‚Vide
1070 3366 1351 3419 Observat.
1381 3367 1485 3432 IV,
1524 3385 1546 3418 1
1567 3385 1614 3418 1.
1633 3395 1712 3408 -—-

676 3447 1091 3521 Postparforibus.
1114 3446 1409 3500 Possumne
1444 3445 1714 3498 rationem

678 3531 839 3586 edere
862 3545 1027 3601 quare
1042 3537 1375 3597 postpartores
1397 3525 1505 3578 sint
1532 3525 1712 3594 potius

672 3614 897 3666 lenones
924 3620 977 3660 et
1004 3605 1307 3658 meretrices
1322 3603 1393 3657 ad
1415 3623 1552 3676 quos
1573 3606 1712 3659 bona

674 3700 951 3763 anteparta
978 3687 1110 3739 vitio
1141 3685 1383 3750 veniant,
1416 3703 1576 3756 quam
1604 3685 1710 3738 hae-

670 3770 826 3826 redes
877 3767 945 3821 ad
991 3784 1126 3838 quos
1168 3765 1284 3834 lege
1312 3769 1335 3816 P
1376 3765 1573 3817 Sensus
1601 3783 1616 3817 ε
1657 3767 1707 3818 Α

671 3853 867 3924 quibus
894 3845 1117 3908 moniti,
1161 3862 1391 3914 quorum
1430 3843 1614 3896 studio
1642 3845 1700 3896 in

666 3925 1019 4001 temperando
1062 3925 1207 3978 atati
1248 3937 1443 3986 nostrae
1488 3923 1560 3976 ad
1591 3944 1702 3977 me..

662 4012 767 4063 lius
789 4006 1025 4063 revocati
1049 4016 1326 4075 anteparta
1350 4023 1379 4056 a
1404 4005 1699 4074 majoribus

1890 2175 1983 2234 44.
2009 2169 2387 2224 Damnosorum.
2419 2171 2581 2225 Conf.
2617 2171 2839 2228 Curcut.

1806 2251 1908 2316 IV,
1943 2269 1996 2309 1,
2031 2270 2052 2303 Ῑ
2074 2271 2094 2304 1
2108 2291 2120 2303 ·

1892 2335 1984 2394 46.
2018 2331 2172 2385 Olim.
2193 2331 2312 2386 Mil.
2337 2331 2384 2396 I,
2419 2350 2470 2395 1,
2502 2332 2840 2386 2.——-l}!usca-

1808 2430 1912 2462 rum
1947 2412 2026 2464 ἐι.
2066 2412 2146 2464 Ita
2189 2413 2302 2464 fere
2334 2411 2606 2464 volturius
2637 2431 2651 2464 ε
2693 2415 2844 2467 Jadis

1808 2475 2052 2562 [Ἑρμᾶ
2095 2503 2180 2544 eut
2227 2494 2378 2543 moins
2425 2491 2487 2542 de
2529 2495 2807 2546 sauterelles
2821 2533 2838 2561 ‚

1813 2572 1921 2639 Que
1963 2572 2068 2622 l'on
2112 2591 2171 2623 ne
2212 2576 2322 2622 voit
2363 2571 2575 2640 aujourd
2581 2572 2679 2624 'hui
2714 2575 2841 2627 dans

1807 2652 1957 2702 Paris
1993 2651 2073 2701 De
2095 2652 2336 2705 malotrus
2377 2653 2645 2704 soi-disant
2679 2653 2842 2706 beans:

1803 2735 1994 2800 esprits.
2021 2731 2089 2782 N.

1891 2813 1986 2874 48.
2035 2808 2212 2862 Scor-ta
2257 2823 2307 2862 et
2358 2811 2567 2864 lenones.
2631 2813 2838 2885 Vulgo,

1805 2889 1973 2944 Scor-ti
1996 2890 2186 2942 lenones
2203 2931 2220 2953 ‚
2250 2889 2516 2960 impedito
2537 2911 2714 2945 sensu.

1889 2978 1981 3039 49.
2015 2970 2098 3021 Ea
2137 2974 2304 3024 nimia.
2346 2971 2603 3024 Rationes
2640 2973 2840 3044 quibus

1805 3062 1979 3102 scorta
2011 3061 2065 3101 et
2091 3050 2310 3103 lenones
2331 3063 2732 3120 computantur,
2752 3055 2840 3106 ni-

1804 3130 1907 3182 mis
1931 3147 2135 3199 magna
2156 3142 2286 3182 sunt
2300 3168 2316 3194 ,
2343 3133 2608 3184 maximus
2629 3146 2708 3185 est
2731 3153 2838 3186 nu·

1804 3227 2001 3263 merua.
2031 3211 2111 3263 Ita
2140 3210 2297 3264 Trin.
2325 3209 2409 3273 11,
2453 3216 2485 3273 4
2528 3231 2540 3260 :
2600 3237 2622 3259 ι
2646 3212 2829 3280 Quid,

1803 3287 1951 3358 quod
1977 3307 2076 3359 ego
2104 3287 2448 3342 defraudavi!
2473 3309 2560 3344 ιι.
2576 3289 2712 3344 Hem
2735 3292 2838 3347 ista

1801 3369 1938 3422 ratio
1965 3387 2209 3423 maxuma
2231 3382 2309 3422 est
2329 3395 2377 3422 a».
2397 3369 2541 3424 Pm.

1887 3448 1974 3502 50.
2014 3448 2139 3500 AEri
2166 3449 2310 3519 plus,
2356 3461 2461 3502 etc.
2486 3450 2654 3514 Quasi
2685 3450 2836 3506 dicat

1800 3529 2125 3598 argentarias
2157 3528 2232 3580 sic
2267 3527 2508 3582 obsideri
2542 3547 2571 3580 a
2608 3531 2832 3596 scortis,

1801 3619 1862 3659 ut
1905 3626 1972 3660 aes
2015 3609 2122 3678 jam
2166 3609 2344 3660 minus
2381 3607 2684 3679 ponderum
2731 3610 2832 3664 ha-

1797 3686 1952 3753 beat,
1975 3706 2135 3759 quam
2164 3687 2435 3757 ejusmodi
2471 3689 2832 3744 nebulonum.

1795 3766 1940 3820 Lu-s.
1981 3798 2064 3808 —
2087 3767 2390 3828 Pendeo-um,
2421 3768 2619 3839 quibus
2665 3782 2832 3823 utun-

1794 3857 1883 3898 tur
1921 3847 2222 3918 argentarii.
2251 3848 2398 3900 Eut.

1874 3927 1903 3980 5
1920 3944 1966 3980 1.
1993 3929 2161 3997 Quos,
2187 3928 2410 3981 lenones
2433 3940 2488 3980 et
2520 3941 2711 3980 scorta.
2745 3961 2828 3973 --

1793 4006 1952 4074 Quam
1977 4007 2047 4058 ad
2076 4027 2174 4058 rem
2205 4007 2364 4059 dicam
2380 4047 2397 4070 ,
2429 4020 2535 4061 etc.
2567 4007 2832 4061 Ambitus

662 4092 807 4144 bona
836 4087 1026 4140 demus
1053 4084 1181 4148 illis,
1203 4085 1402 4155 quibus
1422 4087 1550 4155 jure
1576 4099 1698 4157 post
1783 4085 1874 4138 hic
1909 4086 2168 4140 orationis
2203 4106 2306 4156 pro
2345 4087 2586 4158 simplice
2611 4110 2624 4138 z
2667 4115 2690 4135 ι
2717 4089 2826 4140 Ne-

654 4188 759 4232 nos
784 4179 939 4240 parta
965 4183 1077 4219 esse
1104 4162 1319 4218 debent.
1354 4164 1545 4220 Gaox.

1785 4165 1896 4218 seio
1929 4184 2090 4235 quam
2120 4164 2190 4221 ad
2218 4185 2334 4220 rem
2363 4167 2565 4220 referat
2605 4187 2698 4222 eos
2725 4167 2824 4220 ha-
