3067 5017
863 422 1203 492 ACTUS
1253 424 1356 508 V,
1407 423 1746 495 SCENA
1794 424 1926 493 IV.
2366 424 2465 523 93

316 548 511 618 Nunc
542 545 727 641 quod
754 546 919 614 boni
957 545 1125 615 mihi
1165 545 1235 615 di
1269 544 1468 631 dant,
1505 546 1698 617 vobis
1732 560 2107 641 vostraeque
2136 550 2374 636 matri,

310 663 431 727 Eas
463 658 569 726 dis
608 672 707 725 est
742 681 1009 749 aequom
1050 658 1297 750 gratias
1334 682 1459 723 nos
1496 680 1698 750 agere
1739 658 2174 750 sempiternas
2196 710 2217 743 ‚

310 774 533 861 Quom
586 781 885 835 nostram
938 766 1253 859 pietatem
1293 766 1672 861 adprobant
1721 764 2178 862 decorantque
2233 768 2303 837 di
2359 768 2464 839 in-

596 876 941 950 mortaleis
976 902 992 945 :
2409 902 2464 943 as

305 996 438 1059 Vos
469 1015 636 1059 meae
671 989 829 1057 estis
866 988 1078 1057 ambae
1113 986 1299 1074 filiae,
1338 1001 1405 1055 et
1442 986 1554 1056 hic
1589 1003 1689 1056 est
1722 1002 2098 1082 congnatus
2126 1004 2390 1060 voster:

302 1102 597 1195 Hujusce
625 1099 851 1167 fratris
889 1096 1104 1183 filius,
1146 1095 1634 1194 Agorastocles.
1673 1122 1976 1169 ADELPH.
2013 1100 2314 1187 Amab0,

302 1214 477 1282 Num
511 1212 593 1279 hi.
626 1208 792 1285 falso
826 1208 1172 1277 oblectant
1207 1208 1455 1304 gaudio
1494 1208 1666 1279 nos?
1699 1234 1920 1279 Aeon.
1959 1213 2050 1279 At
2091 1236 2200 1283 me
2238 1213 2330 1281 ita
2365 1211 2462 1283 dii

592 1334 901 1407 servent,
1763 1308 1766 1313 ’
2007 1312 2014 1317 ’

299 1438 389 1507 Ut
424 1434 538 1503 hic
581 1446 775 1527 pater
810 1445 909 1498 est
952 1444 1211 1516 voster3
1248 1429 1403 1499 date
1442 1454 1703 1502 manue.
1743 1454 2054 1501 ADELPH.
2089 1427 2317 1520 Salve,
2350 1433 2454 1500 in-

588 1556 856 1637 sperate⁴
896 1542 1098 1611 nobis
1116 1594 1135 1627 ,

297 1655 511 1741 Pater3
529 1668 601 1722 te
616 1650 949 1745 conplecti
968 1676 1091 1719 nos
1108 1653 1273 1719 sine.
1290 1674 1462 1719 ΗΑΝ.
1479 1651 1744 1743 Cupitae
1758 1666 1959 1745 atque
1974 1666 2390 1747 exspectatae.
2406 1690 2462 1730 90

300 1786 449 1833 ANT.
478 1767 707 1848 Pater,
730 1762 907 1831 salve
938 1788 953 1831 ε
986 1762 1203 1831 ambae
1228 1760 1381 1831 filiae
1410 1786 1644 1829 sumus
1663 1814 1682 1847 ‚
1701 1760 2192 1861 amplectamur
2218 1766 2454 1837 ambae.

296 1898 505 1945 Aaou.
547 1874 725 1964 Quis
766 1898 871 1944 me
906 1871 1349 1967 amplectetur
1381 1868 1663 1966 poetea?
1701 1896 1878 1943 HAN.
1915 1876 2116 1945 Nunc
2148 1898 2280 1969 ego
2305 1902 2454 1949 sum

587 1984 991 2052 fortunatuS.
1166 1998 1175 2006 ‘

294 2093 673 2163 Multorum
710 2119 1047 2163 annorum
1087 2094 1389 2165 miserias
1425 2119 1612 2167 nunc
1653 2095 1782 2167 hac
1817 2093 2165 2190 voluptate
2202 2097 2386 2167 sed0.

296 2229 607 2276 ADELPH.
654 2206 787 2274 Vix
823 2200 956 2274 hoc
983 2206 1331 2275 videamur
1370 2206 1664 2274 credere.
1700 2229 1883 2277 BAN..
1913 2207 2134 2300 Magis
2151 2207 2283 2301 qui
2320 2233 2458 2279 cre-

584 2315 757 2384 datis
797 2316 1058 2385 dicam:

292 2428 456 2497 Nam
500 2442 731 2495 vostra
769 2429 1001 2497 nutrix
1044 2428 1339 2521 primum
1371 2452 1478 2497 me
1518 2428 1908 2521 congnovit.
1957 2451 2263 2497 ADELPH.
2306 2429 2450 2499 Ubi

580 2564 693 2623 ea,
727 2540 1003 2627 amabe,
1036 2539 1180 2608 est?
2391 2559 2445 2611 9⁵

291 2671 451 2719 BAN.
506 2648 718 2743 Apud
754 2648 939 2719 hunc
982 2664 1101 2717 est.
1174 2672 1395 2721 Acon.
1445 2650 1730 2737 Quaem,
1797 2646 1914 2741 qui
1959 2646 2447 2717 lubet'tamdiu

582 2775 809 2836 tenere
846 2756 1097 2828 collum
1118 2812 1137 2844 ‚
2531 2844 2533 2846 ι

293 2869 688 2965 Priusquam
728 2884 795 2937 te
831 2869 998 2937 mihi
1037 2866 1521 2962 desponderit?
1556 2890 1864 2937 ADELPH.
1900 2866 2184 2937 Omitte.
2223 2892 2443 2938 AGoR.

579 2983 895 3073 Sperata,
936 2978 1132 3048 salve.
1171 3002 1481 3049 ADELPH.
1520 2980 1782 3047 Omitte

1407 3138 1475 3192 de
1524 3138 1775 3210 Nuptiis,
1837 3136 1932 3189 ubi
1985 3134 2148 3190 docet
2187 3136 2443 3207 Speratum

1407 3220 1564 3272 etiam
1605 3217 1715 3271 dici
1763 3236 2042 3288 sponsum.
2089 3218 2322 3271 Tamtu.
2361 3252 2441 3263 —-

365 3145 455 3213 87.
480 3142 718 3211 Hujusce.
744 3141 809 3193 Se
826 3141 1005 3213 ipsum
1026 3153 1307 3194 monstrat.

292 3221 467 3275 Bacch.
490 3222 599 3286 IV,
631 3227 663 3284 4
687 3259 703 3284 ,
736 3239 781 3273 1.

366 3321 452 3371 90.
504 3290 854 3372 Exspectatoess
900 3300 937 3352 i·
985 3319 1033 3353 e.
1084 3312 1283 3371 optatae
1300 3336 1319 3365 ,

292 3399 409 3451 quas
436 3383 663 3452 longum
702 3382 807 3434 fuit
843 3378 975 3432 dum
1001 3382 1315 3452 reperirem.

295 3461 373 3514 Sic
395 3466 519 3515 AEn.
557 3461 612 3514 11
628 3499 641 3519 ,
675 3462 783 3514 283
803 3501 817 3526 ,
854 3486 877 3508 ι
900 3473 1197 3531 exspectate
1222 3480 1317 3513 ve·-

294 3540 369 3595 nis
392 3568 439 3595 ι.
471 3542 561 3595 Cf.
584 3541 783 3612 Amph.
805 3541 883 3604 11,
908 3560 960 3606 2,
990 3544 1081 3593 26.
1106 3540 1173 3593 N.

295 3622 695 3771 οιέεζάἶῖἵὲἶῗ
728 3621 931 3771 ῗέἶὲἵὶ
944 3632 1313 3753 Ἥὲῗεὲοῖἰῖἒ

292 3782 519 3848 puellam
539 3780 717 3833 adhuc
730 3779 987 3844 vidimus,
1001 3781 1115 3832 imo
1134 3799 1314 3849 asper-

293 3873 515 3915 nantem.
530 3860 913 3931 N.—-·Speraea.
937 3862 1145 3931 Sper-ata
1168 3857 1331 3913 dice-n

292 3938 635 4012 hamt-,quam
662 3960 857 4010 procus
885 3942 1131 4011 sperabat
1154 3958 1317 4011 epon-

298 4036 397 4073 sam
438 4040 588 4075 suam
634 4021 771 4077 fore.
822 4022 1062 4074 Turneb.
1099 4022 1181 4084 X,
1224 4027 1317 4083 ²4·

300 4098 375 4155 Cf.
400 4102 599 4173 Amph.
626 4102 711 4166 11,
740 4120 767 4155 2
786 4140 803 4167 ,
836 4108 931 4169 44,
958 4120 1021 4154 ac
1044 4101 1101 4153 in
1129 4100 1317 4172 primis

296 4176 407 4233 Alb.
439 4182 747 4249 Gentilem,
794 4182 893 4236 lib.
921 4182 1011 4247 ΙΙ,
1066 4200 1184 4252 cap.
1224 4199 1317 4247 11,

1411 3300 1600 3353 Omitto
1626 3299 1846 3359 salutem.
1863 3298 2222 3351 Turba'torem
2247 3300 2444 3353 laetitiae

1406 3398 1513 3431 suae
1604 3378 2004 3449 Agorastoclem
2075 3377 2149 3429 ita
2211 3380 2445 3449 repellit.

1402 3460 1437 3511 J
1442 3460 1724 3513 ubebatut
1744 3459 2012 3529 linqueret
2037 3454 2236 3511 collum
2274 3460 2442 3529 patris

1402 3558 1563 3608 quem
1595 3539 2040 3609 amplectebatur.
2060 3535 2176 3612 *Ina
2215 3556 2444 3609 respon-

1401 3616 1518 3682 det,
1543 3622 1737 3681 omitte,
1762 3620 1870 3670 hoc
1893 3618 2006 3670 sine
2031 3633 2117 3667 me
2141 3618 2216 3669 sie
2238 3618 2434 3673 facere.

1404 3700 1608 3753 Salutat
1635 3697 1831 3753 deinde
1854 3709 2130 3767 speratam.
2143 3714 2288 3751 suam
2308 3737 2324 3763 ‚
2347 3700 2442 3753 illa

1403 3779 1603 3834 iterum
1657 3776 1822 3842 dicit,
1873 3778 2038 3829 omitte
2091 3777 2330 3844 salutem,
2375 3792 2446 3833 tu.
2549 3805 2552 3811 ·

1402 3880 1501 3913 noa
1527 3860 1728 3915 turbas.
1761 3858 1922 3910 Tunc
1950 3854 2026 3927 ad..
2051 3855 2270 3911 alteram
2298 3860 2440 3912 salu-

1406 3939 1624 3993 tandam
1674 3938 1892 4003 transit,
1941 3956 2059 4007 quoe
2102 3950 2164 3988 et.
2192 3939 2441 3993 similiter

1406 4021 1783 4091 importunum
1813 4018 1916 4071 hoc
1941 4016 2086 4071 dicto
2117 4021 2441 4075 submovetr:

1406 4102 1521 4153 nolo
1539 4119 1632 4171 ego
1657 4102 1806 4151 istuc.-
1827 4100 1986 4151 enicas
2003 4116 2076 4149 me
2089 4104 2110 4149 I
2129 4100 2200 4151 Et
2221 4099 2444 4152 fortasse

1409 4198 1578 4251 quum
1643 4181 1966 4250 querebatur
2031 4179 2398 4248 Agorastocles
2415 4216 2434 4243 ,
