3067 5017
500 404 639 477 332

1324 406 1826 489 STICHUS‚

501 531 703 602 Nunc
737 528 923 598 hunc
960 527 1136 595 diem
1177 551 1391 595 unum
1428 553 1509 595 ex
1546 525 1680 596 illis
1713 525 1942 596 multis
1983 526 2270 595 miseriis

505 639 687 709 Volo
720 664 827 708 me
858 637 1317 709 Eleutheriam
1360 661 1599 732 capere
1635 636 2104 707 advenientem
2137 635 2439 705 domum.

508 774 750 821 Erum.
792 754 877 819 Et
913 750 1024 843 jus
1067 762 1134 816 et
1169 773 1428 840 aequom
1470 746 1810 842 postulas:
1851 769 2118 831 sumaS,
2161 746 2424 833 Stiche‚

508 864 593 929 In
631 859 815 930 hunc
851 859 1026 927 diem
1060 884 1075 927 ε
1120 873 1186 925 te
1222 855 1393 926 nihil
1433 864 1685 946 moror,
1721 857 1831 925 abi
1869 880 2005 951 quo
2051 852 2261 923 lubet.

514 969 775 1040 Cadum
810 970 932 1037 tibi
968 967 1211 1037 veteris
1256 968 1393 1036 vini
1430 968 1743 1061 propino.
1779 990 2006 1037 s‘ricfl.
2049 962 2272 1059 Papae!

513 1084 778 1151 Ducam
817 1079 1017 1148 hodie
1050 1079 1356 1147 amicam.
1382 1077 1764 1149 EPIGN.Vel
1805 1076 2067 1160 decem,
2104 1074 2268 1143 dum
2306 1073 2390 1143 de
2425 1088 2566 1143 tuo.
2622 1087 2673 1127 ³⁵

518 1190 659 1261 Ubi
689 1214 909 1259 coenas
943 1188 1183 1276 hodie,
1228 1190 1281 1257 si
1320 1189 1494 1257 hanc
1532 1189 1864 1258 rationem
1899 1185 2248 1256 instituis?

514 1323 744 1372 s‘rlcu.
776 1301 1077 1369 Amicam
1119 1324 1245 1393 ego
1283 1298 1497 1367 habeo
1533 1299 1971 1394 Stephanium
2009 1297 2167 1365 hinc
2201 1322 2284 1365 ex
2316 1317 2675 1390 proxume,

519 1411 649 1478 Tui
688 1409 913 1478 fratris
946 1407 1294 1494 ancillam;
1337 1434 1419 1477 eo
1460 1408 1767 1492 condixi,
1805 1409 1876 1476 in
1915 1403 2285 1501 symbolam

513 1519 624 1588 Ad
652 1543 911 1587 coenam
934 1573 953 1606 ‚
981 1519 1063 1587 ad
1105 1519 1250 1611 ejus
1283 1542 1678 1587 conservom
1714 1518 2115 1611 Sagarinum
2162 1520 2427 1611 Syrum.

518 1629 872 1697 Eadem’st
912 1630 1128 1697 amica
1167 1629 1540 1713 ambobuS‚
1589 1627 1853 1697 rivaleis
1898 1653 2152 1697 sumus.
2627 1642 2681 1681 3ο

521 1764 760 1809 ΕΡΙΘΝ.
799 1743 977 1832 Age,
1007 1738 1262 1825 abduc,
1302 1764 1411 1806 eas
1450 1718 1676 1826 intro3
1718 1740 1901 1808 hunc
1938 1739 2060 1808 tibi
2103 1738 2273 1806 dedo
2310 1737 2508 1805 diem.

519 1872 751 1919 sucu.
792 1851 1020 1917 Meam
1056 1846 1322 1941 culpam
1358 1848 1603 1917 habeto
1624 1901 1644 1936 ,
1682 1850 1811 1918 nisi
1845 1849 2056 1943 probe
2091 1846 2579 1919 excruciavero.

516 2082 717 2149 condo,
755 2080 1039 2154 fingendo,
1085 2080 1437 2143 deducendo,
1482 2104 1548 2139 ex

1725 2105 1819 2141 aa.
1848 2085 2022 2139 Sumus
2051 2084 2376 2139 Eleutheria.
2416 2082 2582 2151 Quod
2606 2104 2681 2139 vs.

518 2164 777 2217 uberibus
802 2164 886 2215 lae
908 2162 1138 2215 elicitur.
1160 2164 1301 2217 Hinc
1320 2166 1551 2217 mulctare
1641 2184 1752 2237 seq.
1778 2166 2092 2238 explicatur.

518 2256 573 2297 et
590 2244 796 2295 mulcere
818 2261 917 2315 pro
943 2243 1193 2296 malcitare
1212 2263 1231 2296 .·
1260 2258 1552 2317 utrumque

515 2323 739 2397 proprie
760 2340 819 2375 ac
841 2322 1077 2393 primum
1099 2336 1180 2377 est
1206 2324 1442 2377 mulcere
1469 2324 1556 2378 ni·

519 2403 620 2456 mis
636 2440 653 2467 ,
680 2414 737 2455 ut
760 2400 973 2455 doleat:
1005 2401 1131 2455 dein
1162 2402 1518 2458 distinxerunt
1536 2443 1553 2471 ,

518 2493 582 2535 ut
602 2482 707 2535 hoc
726 2494 865 2535 esset
892 2485 1103 2535 tractim
1124 2496 1339 2554 tangere
1366 2486 1557 2538 verbe·

522 2562 671 2615 ribus
697 2559 877 2614 :illud
916 2582 1085 2633 poenae
1126 2554 1280 2616 eausa
1314 2563 1386 2617 ita
1415 2565 1557 2616 mul·

524 2660 677 2704 cere,
708 2654 770 2695 ut
796 2643 1063 2713 emulgeas
1103 2656 1313 2713 partem
1344 2645 1561 2714 sangui-

524 2721 610 2774 nis
632 2722 896 2775 viscerum
919 2720 989 2774 de
1011 2722 1412 2793 patrefamilias,
1453 2724 1560 2777 hoc

528 2813 639 2865 est,
680 2800 986 2854 bonorum:
1025 2821 1143 2874 quae
1195 2802 1296 2854 ista
1341 2821 1560 2874 quoque

527 2881 889 2951 appellatione
930 2881 1197 2935 contineri
1227 2883 1563 2935 ostendimus

529 2960 810 3013 Observat.
834 2961 935 3025 lv,
959 2964 1049 3023 ²4·
1075 2959 1212 3013 Hinc
1233 2962 1428 3015 mulcta.
1448 2962 1563 3015 Nec

536 3039 795 3092 Sabinum
826 3054 917 3093 aut
948 3040 1149 3093 Oscum
1185 3052 1263 3093 est
1306 3042 1446 3107 hoc,
1502 3054 1564 3094 ut

542 3121 719 3171 Varro
748 3131 802 3172 et
839 3119 1022 3174 Festus
1064 3118 1315 3185 tradunt;
1357 3122 1461 3174 nisi
1488 3121 1572 3174 illi

536 3198 699 3270 primi
736 3198 849 3251 haec
884 3200 1069 3252 omnia
1102 3218 1168 3252 ex
1203 3219 1375 3270 graeco
1415 3201 1567 3253 fonte

532 3279 829 3332 hauserunt
854 3296 868 3331 ε
907 3297 1084 3351 neque
1110 3295 1140 3330 a
1172 3280 1378 3345 multus,
1417 3278 1565 3351 quod

529 3377 559 3411 a
595 3358 735 3429 μάλα.
769 3358 995 3429 μάλιστα
1034 3357 1359 3413 descendere
1387 3373 1520 3431 puto
1547 3378 1564 3413 ε

528 3436 621 3491 sed
646 3440 799 3491 multa
826 3450 878 3491 et
897 3439 1097 3492 multare
1118 3438 1339 3509 quidam
1363 3439 1568 3494 malue-

530 3531 663 3571 runt
692 3517 917 3571 lenioris
939 3518 1393 3590 pronuntiationis
1415 3538 1566 3590 ergo.

534 3598 637 3652 Hic
668 3599 850 3670 igitur,
892 3598 997 3651 nisi
1035 3598 1193 3651 finxit
1228 3600 1451 3652 verbum
1481 3600 1567 3652 vel

532 3676 742 3732 duriter
774 3678 1041 3733 transtulit
1068 3678 1177 3750 joci
1220 3696 1379 3732 causa
1419 3673 1568 3741 (nam

532 3756 937 3828 quodammodo
963 3757 1273 3830 plectuntur
1295 3771 1568 3824 aerumnae,

532 3856 699 3908 quum
741 3851 1061 3909 superantur
1114 3850 1168 3891 et
1219 3834 1568 3905 domantur),

537 3917 722 3969 malim
742 3921 1049 3983 mutaverim,
1078 3916 1137 3969 id
1166 3931 1262 3982 est,
1294 3919 1419 3971 alias
1449 3930 1571 3987 post

530 3995 661 4049 alias
680 3998 939 4051 subierim
962 4016 1023 4051 ac
1048 3999 1407 4053 toleraverim.
1442 3997 1553 4051 Gn.

585 4095 709 4133 s21.
752 4079 1100 4131 Eleutheriam.
1139 4079 1382 4135 Fortasse
1417 4078 1569 4131 Eleu·

530 4155 702 4211 tloerc'a.
730 4158 878 4212 Pers.
900 4161 957 4221 Ι,
989 4177 1039 4224 1,
1072 4178 1164 4229 ²9·

1729 2246 1821 2300 25.
1851 2246 2060 2299 Ducam.
2079 2245 2270 2298 Bacch.
2297 2245 2397 2301 lv,
2428 2261 2518 2311 to,
2543 2247 2600 2297 6.

1730 2328 1824 2381 28.
1851 2326 1932 2379 Eo
1969 2326 2182 2378 condixi.
2210 2323 2296 2378 Ad
2324 2323 2680 2394 Stephanium

1647 2405 1877 2459 amicam
1904 2423 2268 2459 communem.
2304 2402 2569 2457 condicam
2594 2421 2684 2473 ap.

1645 2486 1681 2538 J
1685 2486 1748 2539 C.
1776 2497 1857 2539 est
1881 2484 2219 2539 denuntiare.
2255 2482 2396 2535 Hinc
2447 2505 2469 2527 ι
2492 2481 2687 2536 condi·

1648 2583 1770 2619 cere
1801 2572 2003 2619 coenam
2037 2591 2060 2612 ι
2083 2604 2099 2629 ,
2150 2583 2318 2635 quum
2361 2563 2482 2633 quis
2529 2562 2687 2616 alteri

1649 2642 1934 2700 denuntiat
1950 2684 1967 2709 ‚
2005 2662 2062 2698 se
2085 2663 2209 2699 cum
2236 2661 2302 2697 eo
2324 2636 2683 2707 coenaturum3

1649 2737 1710 2776 ut
1745 2726 2017 2790 convivat,
2055 2743 2168 2777 non
2201 2721 2564 2777 convivatoris
2603 2721 2689 2775 sit.

1652 2804 1765 2859 Cic.
1786 2805 1955 2874 Epist.
1985 2803 2051 2856 ad
2077 2804 2227 2857 Fam.
2256 2804 2302 2867 Ι,
2341 2822 2410 2872 9,
2451 2803 2690 2854 absolute

1650 2881 1827 2936 dixit:
1874 2902 2086 2955 «quum
2133 2883 2273 2939 mihi
2326 2880 2650 2935 condixisset
2673 2918 2692 2945 ‚

1651 2964 1878 3017 coenavit
1893 2963 2040 3035 apud
2062 2983 2147 3017 me
2172 2989 2221 3015 ι.
2248 2962 2470 3015 Sueton.
2494 2958 2689 3014 Claud.

1653 3060 1771 3114 cap.
1798 3063 1862 3099 21
1888 3064 1962 3095 :t-
1981 3044 2128 3096 velut
2149 3041 2220 3095 ad
2245 3042 2480 3106 subitam
2507 3037 2693 3095 eondi-

1654 3134 1901 3193 ctamque
1937 3123 2200 3177 eoenulam
2239 3122 2466 3174 invitare
2498 3138 2554 3173 se
2594 3138 2697 3190 po·

1655 3203 1848 3274 pulum
1876 3200 2083 3256 dixerat
2104 3228 2127 3249 ι
2161 3220 2177 3253 2
2227 3201 2402 3273 qualis
2429 3199 2692 3253 nimirum
2726 3208 2730 3227 ¹

1655 3282 1869 3347 amicis,
1895 3283 1987 3355 qui
2013 3282 2216 3352 seipsos
2237 3280 2494 3345 invitant,
2521 3296 2694 3351 appo·

1655 3362 1806 3414 nitur
1844 3380 1858 3414 :
1909 3380 2069 3434 quam
2124 3359 2268 3413 idem
2315 3378 2429 3412 nun
2473 3357 2696 3431 illepide

1656 3442 1923 3512 sportulam
1941 3442 2186 3495 vocabat.
2200 3441 2450 3493 Torreat.
2465 3437 2534 3493 de
2551 3458 2698 3509 sym-

1655 3521 1798 3576 bola.
1823 3520 1952 3576 Vid.
1985 3519 2144 3592 Epid.
2169 3522 2229 3586 1,
2258 3538 2285 3571 2
2305 3558 2322 3584 ,
2361 3537 2452 3572 12.

1746 3621 1832 3655 so.
1861 3600 2108 3665 Rivaleis,
2155 3598 2395 3670 ejusdem
2428 3608 2698 3663 amantes,

1657 3679 1754 3735 sed
1776 3691 2078 3751 compacto.

1746 3761 1839 3814 31.
1869 3762 1993 3812 Eas.
2018 3758 2201 3828 Vulgo
2218 3796 2235 3823 ,
2258 3757 2414 3809 abduc
2439 3776 2519 3808 eas
2546 3758 2697 3809 intro.

1661 3838 1770 3894 Sed
1812 3852 1928 3892 tum
1967 3836 2312 3891 scribendum
2355 3857 2460 3896 eos,
2498 3855 2574 3889 sc.
2603 3835 2702 3888 Sa·
2759 3836 2764 3841 ’

1659 3918 1905 3991 garinum
1937 3937 2059 3971 cum
2088 3917 2401 3988 Stephanio-

1745 3999 1839 4052 32.
1871 3998 2036 4051 Meam
2061 3998 2272 4072 culpam.
2305 3998 2397 4049 Me
2417 4005 2697 4058 accusato,

1660 4078 1766 4131 nisi
1781 4097 1880 4149 ego
1902 4079 2052 4132 hunc
2074 4077 2220 4131 diem
2244 4089 2416 4130 totum
2441 4074 2497 4127 in
2519 4073 2700 4127 Genio

1661 4157 1901 4214 curando
1951 4174 2316 4214 consumsero.
2367 4154 2536 4223 Quasi
2582 4152 2708 4207 dies
