3067 5017
508 316 654 393 366
1286 312 1878 386 PROLOGUS.

508 435 859 534 Aclcipite,
900 452 967 506 et
1010 435 1165 505 date
1206 437 1471 505 vacivas
1506 437 1728 505 aureis
1753 490 1771 523 ‚
1817 437 1978 507 dum
2024 440 2324 536 eloquor.

504 552 917 624 Adulescens
956 550 1229 645 quidam
1253 548 1374 637 'st‚
1412 551 1531 645 qui
1570 551 1640 619 in
1678 551 1861 651 hisce
1902 552 2159 624 habitat
2195 557 2496 642 aedibus;

511 670 580 734 Is
618 689 761 732 rem
798 677 1145 757 paternam
1190 684 1297 729 me
1338 654 1670 753 adjutrice
1708 662 2024 756 perdidit.

505 776 849 865 Quoniam
887 773 986 861 ei,
1022 771 1139 866 qui
1178 796 1283 840 me
1314 770 1556 859 aleret,
1603 771 1772 841 nihil
1817 774 2013 843 video
2057 798 2196 844 esse
2234 775 2516 871 reliqui,

504 886 679 955 Dedi
720 909 937 953 meam
976 880 1288 977 g'n‘atam,
1328 882 1608 975 quicum
1651 897 1911 953 aetatem
1949 886 2195 980 exigat.
2617 906 2663 943 ¹⁵

418 1077 427 1084 ¹
508 996 641 1065 Sed
682 995 765 1064 de
804 1007 1203 1088 argumento
1239 1017 1325 1061 ne
1362 994 1763 1085 exspectetis
1809 992 2090 1064 fabulae:

506 1111 711 1177 Senes
746 1106 864 1201 qui
900 1106 1037 1175 huc
1076 1102 1389 1189 venient,
1435 1102 1507 1169 hi
1553 1127 1696 1171 rem
1735 1104 1925 1173 vobis
1963 1106 2292 1198 aperient.

504 1217 683 1285 Huic
718 1240 969 1287 nomen
1009 1234 1223 1309 graece
1258 1226 1357 1281 est
1394 1211 1746 1283 Thesauro
1792 1210 2034 1285 fabulae
2065 1239 2082 1283 ε

503 1326 811 1398 Philemo
849 1322 1157 1420 scripsit,
1205 1321 1486 1393 Plautus
1521 1324 1733 1391 vortit
1774 1323 2101 1412 barbare3

503 1442 770 1511 Nomen
810 1437 1137 1506 Trinumo
1180 1430 1343 1502 feeit
1370 1456 1407 1500 τ’
1429 1454 1618 1500 nunc
1653 1432 1788 1501 hoc
1825 1458 1944 1502 vos
1982 1449 2175 1529 rogat
2197 1487 2216 1520 ‚

503 1549 603 1617 Ut
644 1544 840 1615 liceat
880 1542 1221 1640 possidere
1254 1543 1431 1612 hanc
1476 1567 1724 1612 nomen
1770 1542 2086 1613 fabulam.

508 1660 805 1725 Tantum
819 1654 903 1724 'st
936 1680 953 1722 τ
994 1652 1246 1737 valete,
1284 1652 1511 1725 adeste
1549 1678 1708 1723 cum
1745 1652 2034 1724 silentio·

591 1838 678 1895 14.
713 1832 983 1901 Quoniam,
1013 1829 1071 1883 id
1090 1842 1198 1896 est,
1228 1842 1533 1901 postquam.
1627 1844 1733 1885 tem
1751 1843 1976 1902 peccant
1994 1833 2229 1903 largiter,
2245 1834 2336 1905 qui
2354 1852 2454 1905 pro
2473 1836 2660 1905 quicum

504 1912 634 1965 Non
668 1912 811 1965 enim
842 1912 979 1963 ratio
1016 1910 1195 1976 datur,
1226 1928 1323 1963 cur
1351 1908 1535 1963 adole·
1626 1916 1886 1981 usurpare
1908 1912 2200 1982 quibuscum,
2222 1915 2309 1966 vel
2332 1914 2490 1966 etiam
2509 1917 2662 1985 queis-

502 2010 655 2045 scens
684 2010 801 2045 rem
829 1988 1157 2062 perdiderit:
1181 1988 1275 2043 sed
1304 1990 1398 2042 illa
1417 2008 1538 2061 per·
1625 2009 1731 2041 cum
1749 2030 1766 2053 ‚
1818 1992 1876 2043 in
1927 1993 2226 2063 pluralibus
2280 1992 2470 2047 dativis
2527 1992 2657 2045 ausi.

503 2070 617 2123 <lita
636 2110 652 2135 ‚
695 2083 981 2143 postquam
1024 2069 1104 2122 nil
1144 2068 1442 2140 superfuit,
1485 2069 1536 2122 ei
1625 2070 2067 2125 Dorum—Vide
2090 2073 2220 2126 obs.
2251 2075 2326 2138 H,
2357 2078 2408 2126 6.
2433 2074 2617 2127 Gnou.

504 2150 671 2202 filiam
712 2168 863 2205 suam
893 2149 1133 2203 Luxuria
1172 2148 1374 2202 dicitur
1408 2154 1533 2215 jun·
1713 2168 1804 2219 19.
1824 2150 2062 2204 Pkc'lemo.
2089 2152 2387 2206 Menander
2407 2165 2460 2205 et
2481 2152 2660 2205 Phile-

506 2229 668 2282 xisse.
692 2230 799 2283 Ins.
823 2231 879 2294 Ι,
908 2248 937 2281 2
959 2268 974 2297 ,
1011 2247 1035 2283 1
1052 2248 1145 2283 12.
1164 2232 1330 2282 Acm..
1626 2248 1716 2281 mo
1747 2230 2085 2284 Thesaurum
2118 2234 2440 2305 scripserunt
2455 2268 2474 2297 .,
2498 2251 2657 2303 quam

591 2308 681 2363 15.
711 2308 876 2363 Meam
906 2322 1143 2379 gnatam,
1173 2311 1379 2380 quicum.
1414 2308 1536 2376 ch'-
1625 2308 1841 2361 Plautus
1874 2312 2035 2365 vertit
2053 2351 2069 2377 ,
2090 2325 2141 2365 et
2162 2314 2444 2365 Trinumum
2467 2311 2658 2365 inscri-

502 2408 607 2440 cum
642 2401 698 2441 et
739 2406 941 2461 quocum
981 2400 1273 2461 utrumque
1307 2386 1534 2439 indecli-
1623 2389 1748 2458 psit.
1765 2418 1846 2429 --
1863 2390 1922 2441 V
1915 2395 2036 2444 ortis
2051 2393 2282 2459 barban,
2314 2393 2352 2447 i.
2375 2410 2423 2445 e.
2448 2392 2612 2444 latine
2639 2410 2654 2443 ε

499 2468 707 2535 utibile,
744 2480 852 2527 tam
874 2469 1073 2541 plurali
1093 2487 1253 2541 quum
1276 2467 1535 2538 singulari
1622 2487 1748 2521 nam
1772 2470 1993 2523 Barbari
2016 2470 2332 2529 dicebantur
2363 2471 2657 2543 antiquitus

502 2567 763 2614 numero,
824 2548 1041 2603 ablativi
1088 2549 1214 2601 loco
1263 2548 1533 2618 positum,
1624 2567 1810 2603 omnes
1842 2564 2058 2621 gentes,
2089 2553 2322 2625 exceptis
2345 2551 2575 2617 Graecis.,
2597 2563 2657 2601 ut

496 2628 857 2701 omnibusque
894 2628 1031 2683 adeo
1062 2626 1348 2699 generibus
1386 2622 1535 2680 ἀδια-
1623 2628 1700 2681 ait
1719 2628 1932 2685 Festus.
1962 2632 2092 2685 Vid.
2123 2632 2271 2689 Prol.
2299 2628 2453 2685 Asin.
2481 2632 2626 2685 Eun.

498 2715 652 2778 φορῶς
680 2704 1077 2763 accommodari
1095 2720 1311 2783 potest:
1334 2706 1417 2760 illi
1440 2724 1536 2761 uu·
1713 2728 1807 2763 n.
1833 2711 2043 2767 Tantam
2078 2715 2156 2769 ’.τι
2183 2713 2424 2769 neren
2440 2750 2457 2778 ,
2490 2730 2546 2777 ι,
2569 2728 2654 2763 12.
