<?xml version="1.0" encoding="UTF-8"?>
<!DOCTYPE html PUBLIC "-//W3C//DTD XHTML 1.0 Transitional//EN"
    "http://www.w3.org/TR/xhtml1/DTD/xhtml1-transitional.dtd">
<html xmlns="http://www.w3.org/1999/xhtml" xml:lang="en" lang="en">
 <head>
  <title>
</title>
<meta http-equiv="Content-Type" content="text/html;charset=utf-8" />
  <meta name='ocr-system' content='tesseract 3.04.00' />
  <meta name='ocr-capabilities' content='ocr_page ocr_carea ocr_par ocr_line ocrx_word'/>
</head>
<body>
  <div class='ocr_page' id='page_1' title='image "./macciiplauticom00naudgoog_0200.png"; bbox 0 0 3067 5017; ppageno 0'>
   <div class='ocr_carea' id='block_1_1' title="bbox 620 399 2034 502">
    <p class='ocr_par' dir='ltr' id='par_1_1' title="bbox 620 399 2034 502">
     <span class='ocr_line' id='line_1_1' title="bbox 620 399 2034 502; baseline -0.007 -26"><span class='ocrx_word' id='word_1_1' title='bbox 620 427 759 502; x_wconf 79' lang='lat'><strong>190</strong></span> <span class='ocrx_word' id='word_1_2' title='bbox 1348 399 2034 484; x_wconf 82' lang='lat' dir='ltr'><strong>PSEUDOLUS‚</strong></span> 
     </span>
    </p>
   </div>
   <div class='ocr_carea' id='block_1_2' title="bbox 497 521 2766 2580">
    <p class='ocr_par' dir='ltr' id='par_1_2' title="bbox 611 521 2763 730">
     <span class='ocr_line' id='line_1_2' title="bbox 611 521 2763 618; baseline -0.003 -16"><span class='ocrx_word' id='word_1_3' title='bbox 611 555 757 602; x_wconf 74' lang='lat' dir='ltr'><strong>sm.</strong></span> <span class='ocrx_word' id='word_1_4' title='bbox 797 527 985 618; x_wconf 88' lang='lat' dir='ltr'><strong>Quid</strong></span> <span class='ocrx_word' id='word_1_5' title='bbox 1024 541 1233 596; x_wconf 85' lang='lat' dir='ltr'><strong>meret</strong></span> <span class='ocrx_word' id='word_1_6' title='bbox 1268 523 1649 595; x_wconf 74' lang='lat' dir='ltr'>machaera?</span> <span class='ocrx_word' id='word_1_7' title='bbox 1690 521 2382 594; x_wconf 69' lang='lat' dir='ltr'><strong>nAnP.·Helleb01-um</strong></span> <span class='ocrx_word' id='word_1_8' title='bbox 2419 521 2605 596; x_wconf 82' lang='lat' dir='ltr'><strong>hisce</strong></span> <span class='ocrx_word' id='word_1_9' title='bbox 2645 523 2763 596; x_wconf 88' lang='lat' dir='ltr'><strong>ho·-</strong></span> 
     </span>
     <span class='ocr_line' id='line_1_3' title="bbox 898 639 1571 730; baseline -0.006 -22"><span class='ocrx_word' id='word_1_10' title='bbox 898 639 1198 708; x_wconf 87' lang='lat' dir='ltr'><strong>minibus</strong></span> <span class='ocrx_word' id='word_1_11' title='bbox 1237 653 1335 706; x_wconf 81' lang='lat' dir='ltr'><strong>est</strong></span> <span class='ocrx_word' id='word_1_12' title='bbox 1378 661 1571 730; x_wconf 89' lang='lat' dir='ltr'><strong>opus.</strong></span> 
     </span>
    </p>

    <p class='ocr_par' dir='ltr' id='par_1_3' title="bbox 612 744 2764 929">
     <span class='ocr_line' id='line_1_4' title="bbox 612 744 2764 842; baseline -0.002 -20"><span class='ocrx_word' id='word_1_13' title='bbox 612 775 814 822; x_wconf 66' lang='grc' dir='ltr'><strong>ΒΑΜ..</strong></span> <span class='ocrx_word' id='word_1_14' title='bbox 872 746 1060 819; x_wconf 79' lang='lat' dir='ltr'><strong>Eho!</strong></span> <span class='ocrx_word' id='word_1_15' title='bbox 1102 772 1319 819; x_wconf 76' lang='lat' dir='ltr'>HARP.</span> <span class='ocrx_word' id='word_1_16' title='bbox 1367 747 1588 840; x_wconf 86' lang='lat' dir='ltr'><strong>Mitte.</strong></span> <span class='ocrx_word' id='word_1_17' title='bbox 1633 767 1839 814; x_wconf 67' lang='grc' dir='ltr'><strong>ΒΑΜ..</strong></span> <span class='ocrx_word' id='word_1_18' title='bbox 1890 744 2080 834; x_wconf 87' lang='lat' dir='ltr'><strong>Quid</strong></span> <span class='ocrx_word' id='word_1_19' title='bbox 2115 745 2442 815; x_wconf 82' lang='lat' dir='ltr'><strong>mercedis</strong></span> <span class='ocrx_word' id='word_1_20' title='bbox 2494 761 2764 842; x_wconf 80' lang='lat' dir='ltr'><strong>petasus</strong></span> 
     </span>
     <span class='ocr_line' id='line_1_5' title="bbox 898 855 2762 929; baseline -0.008 0"><span class='ocrx_word' id='word_1_21' title='bbox 898 859 1103 929; x_wconf 88' lang='lat' dir='ltr'><strong>hodie</strong></span> <span class='ocrx_word' id='word_1_22' title='bbox 1135 859 1411 928; x_wconf 78' lang='lat' dir='ltr'><strong>domino</strong></span> <span class='ocrx_word' id='word_1_23' title='bbox 1450 855 1790 925; x_wconf 83' lang='lat' dir='ltr'><strong>demeret?</strong></span> <span class='ocrx_word' id='word_1_24' title='bbox 2709 887 2762 926; x_wconf 72' lang='lat'><strong>90</strong></span> 
     </span>
    </p>

    <p class='ocr_par' dir='ltr' id='par_1_4' title="bbox 611 963 2764 1166">
     <span class='ocr_line' id='line_1_6' title="bbox 611 963 2764 1062; baseline -0.004 -20"><span class='ocrx_word' id='word_1_25' title='bbox 611 994 827 1042; x_wconf 75' lang='grc' dir='ltr'><strong>ΗΑιιΡ.</strong></span> <span class='ocrx_word' id='word_1_26' title='bbox 868 971 1050 1059; x_wconf 87' lang='lat' dir='ltr'>Quid</span> <span class='ocrx_word' id='word_1_27' title='bbox 1074 1023 1093 1058; x_wconf 97' lang='lat'><strong>,</strong></span> <span class='ocrx_word' id='word_1_28' title='bbox 1134 967 1459 1037; x_wconf 81' lang='lat' dir='ltr'><strong>domino?</strong></span> <span class='ocrx_word' id='word_1_29' title='bbox 1505 965 1670 1062; x_wconf 90' lang='lat' dir='ltr'><strong>quid</strong></span> <span class='ocrx_word' id='word_1_30' title='bbox 1708 963 2100 1034; x_wconf 80' lang='lat' dir='ltr'><strong>somniatis?</strong></span> <span class='ocrx_word' id='word_1_31' title='bbox 2126 989 2276 1034; x_wconf 82' lang='lat' dir='ltr'><strong>mea</strong></span> <span class='ocrx_word' id='word_1_32' title='bbox 2305 965 2584 1060; x_wconf 88' lang='lat' dir='ltr'><strong>quidem</strong></span> <span class='ocrx_word' id='word_1_33' title='bbox 2623 965 2764 1036; x_wconf 83' lang='lat' dir='ltr'><strong>haec</strong></span> 
     </span>
     <span class='ocr_line' id='line_1_7' title="bbox 902 1079 1422 1166; baseline -0.008 -17"><span class='ocrx_word' id='word_1_34' title='bbox 902 1081 1117 1149; x_wconf 83' lang='lat' dir='ltr'><strong>habeo</strong></span> <span class='ocrx_word' id='word_1_35' title='bbox 1160 1079 1422 1166; x_wconf 80' lang='lat' dir='ltr'><strong>omnia,</strong></span> 
     </span>
    </p>

    <p class='ocr_par' dir='ltr' id='par_1_5' title="bbox 608 1183 2764 1369">
     <span class='ocr_line' id='line_1_8' title="bbox 608 1183 2764 1286; baseline -0.002 -24"><span class='ocrx_word' id='word_1_36' title='bbox 608 1194 766 1262; x_wconf 88' lang='lat' dir='ltr'><strong>Meo</strong></span> <span class='ocrx_word' id='word_1_37' title='bbox 809 1188 1073 1286; x_wconf 88' lang='lat' dir='ltr'><strong>peculio</strong></span> <span class='ocrx_word' id='word_1_38' title='bbox 1139 1203 1337 1258; x_wconf 82' lang='lat' dir='ltr'><strong>emta.</strong></span> <span class='ocrx_word' id='word_1_39' title='bbox 1404 1212 1602 1257; x_wconf 67' lang='lat' dir='ltr'><strong>unt..</strong></span> <span class='ocrx_word' id='word_1_40' title='bbox 1664 1187 1929 1280; x_wconf 86' lang='lat' dir='ltr'><strong>Nempe</strong></span> <span class='ocrx_word' id='word_1_41' title='bbox 1967 1183 2149 1279; x_wconf 91' lang='lat' dir='ltr'><strong>quod</strong></span> <span class='ocrx_word' id='word_1_42' title='bbox 2185 1183 2437 1256; x_wconf 85' lang='lat' dir='ltr'><strong>femina</strong></span> <span class='ocrx_word' id='word_1_43' title='bbox 2488 1211 2764 1258; x_wconf 82' lang='lat' dir='ltr'><strong>summa</strong></span> 
     </span>
     <span class='ocr_line' id='line_1_9' title="bbox 906 1312 1255 1369; baseline -0.009 0"><span class='ocrx_word' id='word_1_44' title='bbox 906 1312 1255 1369; x_wconf 78' lang='lat' dir='ltr'><strong>sustlnent.</strong></span> 
     </span>
    </p>

    <p class='ocr_par' dir='ltr' id='par_1_6' title="bbox 606 1405 2755 1500">
     <span class='ocr_line' id='line_1_10' title="bbox 606 1405 2755 1500; baseline -0.001 -20"><span class='ocrx_word' id='word_1_45' title='bbox 606 1433 822 1492; x_wconf 70' lang='grc' dir='ltr'><strong>ΗΑιιΡ.</strong></span> <span class='ocrx_word' id='word_1_46' title='bbox 850 1410 1057 1479; x_wconf 86' lang='lat' dir='ltr'><strong>Uncti</strong></span> <span class='ocrx_word' id='word_1_47' title='bbox 1086 1408 1333 1476; x_wconf 82' lang='lat' dir='ltr'><strong>bisunt</strong></span> <span class='ocrx_word' id='word_1_48' title='bbox 1359 1431 1548 1476; x_wconf 90' lang='lat' dir='ltr'><strong>senes</strong></span> <span class='ocrx_word' id='word_1_49' title='bbox 1570 1460 1590 1493; x_wconf 96' lang='lat'><strong>,</strong></span> <span class='ocrx_word' id='word_1_50' title='bbox 1613 1406 1839 1475; x_wconf 84' lang='lat' dir='ltr'>fricari</span> <span class='ocrx_word' id='word_1_51' title='bbox 1873 1429 2016 1474; x_wconf 81' lang='lat' dir='ltr'><strong>sese</strong></span> <span class='ocrx_word' id='word_1_52' title='bbox 2049 1429 2134 1472; x_wconf 88' lang='lat' dir='ltr'><strong>ex</strong></span> <span class='ocrx_word' id='word_1_53' title='bbox 2167 1405 2452 1500; x_wconf 81' lang='lat' dir='ltr'><strong>antiquo</strong></span> <span class='ocrx_word' id='word_1_54' title='bbox 2485 1405 2755 1478; x_wconf 81' lang='lat' dir='ltr'><strong>volunt.</strong></span> 
     </span>
    </p>

    <p class='ocr_par' dir='ltr' id='par_1_7' title="bbox 610 1515 2755 1614">
     <span class='ocr_line' id='line_1_11' title="bbox 610 1515 2755 1614; baseline -0.002 -24"><span class='ocrx_word' id='word_1_55' title='bbox 610 1544 811 1590; x_wconf 71' lang='lat' dir='ltr'><strong>mm„</strong></span> <span class='ocrx_word' id='word_1_56' title='bbox 852 1517 1249 1614; x_wconf 83' lang='lat' dir='ltr'><strong>Responde,</strong></span> <span class='ocrx_word' id='word_1_57' title='bbox 1282 1518 1600 1602; x_wconf 86' lang='lat' dir='ltr'><strong>obsecr0,</strong></span> <span class='ocrx_word' id='word_1_58' title='bbox 1639 1515 1900 1602; x_wconf 86' lang='lat' dir='ltr'><strong>hercle,</strong></span> <span class='ocrx_word' id='word_1_59' title='bbox 1937 1515 2070 1584; x_wconf 91' lang='lat' dir='ltr'><strong>hoc</strong></span> <span class='ocrx_word' id='word_1_60' title='bbox 2103 1539 2265 1584; x_wconf 78' lang='lat' dir='ltr'><strong>vero</strong></span> <span class='ocrx_word' id='word_1_61' title='bbox 2311 1517 2527 1603; x_wconf 84' lang='lat' dir='ltr'><strong>serio,</strong></span> <span class='ocrx_word' id='word_1_62' title='bbox 2573 1518 2755 1612; x_wconf 89' lang='lat' dir='ltr'><strong>quod</strong></span> 
     </span>
    </p>

    <p class='ocr_par' dir='ltr' id='par_1_8' title="bbox 497 1645 1230 1730">
     <span class='ocr_line' id='line_1_12' title="bbox 497 1645 1230 1730; baseline -0.004 -31"><span class='ocrx_word' id='word_1_63' title='bbox 497 1723 505 1730; x_wconf 33' lang='grc'><strong>.</strong></span> <span class='ocrx_word' id='word_1_64' title='bbox 900 1645 973 1698; x_wconf 86' lang='lat' dir='ltr'><strong>·te</strong></span> <span class='ocrx_word' id='word_1_65' title='bbox 1014 1654 1230 1724; x_wconf 84' lang='lat' dir='ltr'><strong>rogo:</strong></span> 
     </span>
    </p>

    <p class='ocr_par' dir='ltr' id='par_1_9' title="bbox 611 1733 2766 1834">
     <span class='ocr_line' id='line_1_13' title="bbox 611 1733 2766 1834; baseline 0.001 -26"><span class='ocrx_word' id='word_1_66' title='bbox 611 1738 797 1830; x_wconf 85' lang='lat' dir='ltr'>Quid</span> <span class='ocrx_word' id='word_1_67' title='bbox 826 1739 1088 1809; x_wconf 78' lang='lat' dir='ltr'><strong>meres?</strong></span> <span class='ocrx_word' id='word_1_68' title='bbox 1129 1735 1459 1832; x_wconf 82' lang='lat' dir='ltr'>quantillo</span> <span class='ocrx_word' id='word_1_69' title='bbox 1491 1751 1777 1831; x_wconf 79' lang='lat' dir='ltr'><strong>argento</strong></span> <span class='ocrx_word' id='word_1_70' title='bbox 1805 1752 1871 1806; x_wconf 90' lang='lat' dir='ltr'><strong>te</strong></span> <span class='ocrx_word' id='word_1_71' title='bbox 1891 1733 2227 1834; x_wconf 75' lang='lat' dir='ltr'><strong>conduxit</strong></span> <span class='ocrx_word' id='word_1_72' title='bbox 2252 1735 2663 1808; x_wconf 77' lang='lat' dir='ltr'><strong>Pseudolus?</strong></span> <span class='ocrx_word' id='word_1_73' title='bbox 2715 1757 2766 1810; x_wconf 84' lang='lat'><strong>9⁵</strong></span> 
     </span>
    </p>

    <p class='ocr_par' dir='ltr' id='par_1_10' title="bbox 611 1846 2766 2029">
     <span class='ocr_line' id='line_1_14' title="bbox 611 1846 2766 1944; baseline -0.003 -24"><span class='ocrx_word' id='word_1_74' title='bbox 611 1873 825 1920; x_wconf 71' lang='lat' dir='ltr'><strong>nAm’.</strong></span> <span class='ocrx_word' id='word_1_75' title='bbox 871 1849 1020 1938; x_wconf 88' lang='lat' dir='ltr'><strong>Qui</strong></span> <span class='ocrx_word' id='word_1_76' title='bbox 1062 1848 1212 1917; x_wconf 87' lang='lat' dir='ltr'><strong>istic</strong></span> <span class='ocrx_word' id='word_1_77' title='bbox 1248 1846 1711 1918; x_wconf 72' lang='lat' dir='ltr'><strong>Pseudolu’st?</strong></span> <span class='ocrx_word' id='word_1_78' title='bbox 1755 1873 1957 1919; x_wconf 72' lang='grc' dir='ltr'><strong>ΒΑΜ..</strong></span> <span class='ocrx_word' id='word_1_79' title='bbox 1995 1853 2372 1944; x_wconf 65' lang='lat' dir='ltr'><strong>Praeceptor</strong></span> <span class='ocrx_word' id='word_1_80' title='bbox 2409 1859 2604 1934; x_wconf 91' lang='lat' dir='ltr'><strong>tuus,</strong></span> <span class='ocrx_word' id='word_1_81' title='bbox 2649 1847 2766 1941; x_wconf 90' lang='lat' dir='ltr'><strong>qui</strong></span> 
     </span>
     <span class='ocr_line' id='line_1_15' title="bbox 909 1956 1576 2029; baseline -0.006 0"><span class='ocrx_word' id='word_1_82' title='bbox 909 1976 976 2029; x_wconf 89' lang='lat' dir='ltr'><strong>te</strong></span> <span class='ocrx_word' id='word_1_83' title='bbox 1021 1960 1197 2028; x_wconf 83' lang='lat' dir='ltr'><strong>hanc</strong></span> <span class='ocrx_word' id='word_1_84' title='bbox 1244 1956 1576 2027; x_wconf 80' lang='lat' dir='ltr'><strong>fallaciam</strong></span> 
     </span>
    </p>

    <p class='ocr_par' dir='ltr' id='par_1_11' title="bbox 612 2065 2555 2157">
     <span class='ocr_line' id='line_1_16' title="bbox 612 2065 2555 2157; baseline -0.002 -17"><span class='ocrx_word' id='word_1_85' title='bbox 612 2068 899 2157; x_wconf 84' lang='lat' dir='ltr'>Docuit,</span> <span class='ocrx_word' id='word_1_86' title='bbox 940 2083 1014 2136; x_wconf 92' lang='lat' dir='ltr'><strong>ut</strong></span> <span class='ocrx_word' id='word_1_87' title='bbox 1050 2065 1329 2138; x_wconf 87' lang='lat' dir='ltr'><strong>fallaciis</strong></span> <span class='ocrx_word' id='word_1_88' title='bbox 1366 2067 1526 2136; x_wconf 89' lang='lat' dir='ltr'><strong>hinc</strong></span> <span class='ocrx_word' id='word_1_89' title='bbox 1561 2091 1600 2136; x_wconf 86' lang='lat' dir='ltr'><strong>a</strong></span> <span class='ocrx_word' id='word_1_90' title='bbox 1633 2092 1742 2136; x_wconf 89' lang='lat' dir='ltr'><strong>me</strong></span> <span class='ocrx_word' id='word_1_91' title='bbox 1778 2066 2128 2138; x_wconf 82' lang='lat' dir='ltr'><strong>mulierem</strong></span> <span class='ocrx_word' id='word_1_92' title='bbox 2167 2070 2555 2140; x_wconf 59' lang='lat' dir='ltr'><strong>abduceres</strong></span> 
     </span>
    </p>

    <p class='ocr_par' dir='ltr' id='par_1_12' title="bbox 614 2177 2764 2360">
     <span class='ocr_line' id='line_1_17' title="bbox 614 2177 2764 2276; baseline -0.002 -24"><span class='ocrx_word' id='word_1_93' title='bbox 614 2205 830 2252; x_wconf 67' lang='grc' dir='ltr'><strong>ΒΑΜ».</strong></span> <span class='ocrx_word' id='word_1_94' title='bbox 875 2185 1097 2272; x_wconf 88' lang='lat' dir='ltr'><strong>Quem</strong></span> <span class='ocrx_word' id='word_1_95' title='bbox 1137 2195 1212 2248; x_wconf 92' lang='lat' dir='ltr'><strong>tu</strong></span> <span class='ocrx_word' id='word_1_96' title='bbox 1244 2178 1697 2266; x_wconf 88' lang='lat' dir='ltr'><strong>Pseudolum,</strong></span> <span class='ocrx_word' id='word_1_97' title='bbox 1741 2204 1906 2273; x_wconf 85' lang='lat' dir='ltr'><strong>quas</strong></span> <span class='ocrx_word' id='word_1_98' title='bbox 1947 2195 2021 2250; x_wconf 86' lang='lat' dir='ltr'><strong>tu</strong></span> <span class='ocrx_word' id='word_1_99' title='bbox 2065 2181 2236 2251; x_wconf 82' lang='lat' dir='ltr'><strong>mihi</strong></span> <span class='ocrx_word' id='word_1_100' title='bbox 2273 2179 2594 2276; x_wconf 62' lang='lat' dir='ltr'><strong>praedicas</strong></span> <span class='ocrx_word' id='word_1_101' title='bbox 2645 2177 2764 2248; x_wconf 88' lang='lat' dir='ltr'><strong>fal-</strong></span> 
     </span>
     <span class='ocr_line' id='line_1_18' title="bbox 914 2289 1161 2360; baseline -0.004 0"><span class='ocrx_word' id='word_1_102' title='bbox 914 2289 1161 2360; x_wconf 71' lang='lat' dir='ltr'><strong>iacias?</strong></span> 
     </span>
    </p>

    <p class='ocr_par' dir='ltr' id='par_1_13' title="bbox 610 2379 2766 2580">
     <span class='ocr_line' id='line_1_19' title="bbox 610 2379 2766 2496; baseline -0.002 -26"><span class='ocrx_word' id='word_1_103' title='bbox 610 2403 839 2492; x_wconf 89' lang='lat' dir='ltr'><strong>Quem</strong></span> <span class='ocrx_word' id='word_1_104' title='bbox 874 2426 1000 2496; x_wconf 84' lang='lat' dir='ltr'><strong>ego</strong></span> <span class='ocrx_word' id='word_1_105' title='bbox 1034 2379 1379 2469; x_wconf 72' lang='lat' dir='ltr'><strong>hominem</strong></span> <span class='ocrx_word' id='word_1_106' title='bbox 1422 2397 1676 2468; x_wconf 85' lang='lat' dir='ltr'><strong>nullius</strong></span> <span class='ocrx_word' id='word_1_107' title='bbox 1703 2397 1950 2468; x_wconf 82' lang='lat' dir='ltr'><strong>coloris</strong></span> <span class='ocrx_word' id='word_1_108' title='bbox 1992 2401 2218 2495; x_wconf 85' lang='lat' dir='ltr'><strong>gnovi.</strong></span> <span class='ocrx_word' id='word_1_109' title='bbox 2258 2425 2462 2482; x_wconf 66' lang='lat' dir='ltr'><strong>mu..</strong></span> <span class='ocrx_word' id='word_1_110' title='bbox 2501 2403 2658 2471; x_wconf 87' lang='lat' dir='ltr'><strong>Non</strong></span> <span class='ocrx_word' id='word_1_111' title='bbox 2694 2413 2766 2468; x_wconf 88' lang='lat' dir='ltr'><strong>tu</strong></span> 
     </span>
     <span class='ocr_line' id='line_1_20' title="bbox 905 2510 1350 2580; baseline -0.002 0"><span class='ocrx_word' id='word_1_112' title='bbox 905 2513 1103 2580; x_wconf 89' lang='lat' dir='ltr'><strong>istinc</strong></span> <span class='ocrx_word' id='word_1_113' title='bbox 1148 2510 1350 2579; x_wconf 79' lang='lat' dir='ltr'><strong>abis?</strong></span> 
     </span>
    </p>
   </div>
   <div class='ocr_carea' id='block_1_3' title="bbox 610 2591 2763 2800">
    <p class='ocr_par' dir='ltr' id='par_1_14' title="bbox 610 2591 2763 2800">
     <span class='ocr_line' id='line_1_21' title="bbox 610 2591 2763 2716; baseline -0.003 -22"><span class='ocrx_word' id='word_1_114' title='bbox 610 2591 799 2694; x_wconf 67' lang='lat' dir='ltr'><strong>Nihil</strong></span> <span class='ocrx_word' id='word_1_115' title='bbox 830 2637 928 2692; x_wconf 88' lang='lat' dir='ltr'><strong>est</strong></span> <span class='ocrx_word' id='word_1_116' title='bbox 958 2621 1161 2690; x_wconf 87' lang='lat' dir='ltr'><strong>hodie</strong></span> <span class='ocrx_word' id='word_1_117' title='bbox 1189 2621 1302 2691; x_wconf 89' lang='lat' dir='ltr'><strong>hic</strong></span> <span class='ocrx_word' id='word_1_118' title='bbox 1343 2619 1771 2716; x_wconf 84' lang='lat' dir='ltr'><strong>sycophantis</strong></span> <span class='ocrx_word' id='word_1_119' title='bbox 1811 2635 2103 2714; x_wconf 87' lang='lat' dir='ltr'><strong>quaestus</strong></span> <span class='ocrx_word' id='word_1_120' title='bbox 2135 2648 2151 2691; x_wconf 73' lang='grc' dir='ltr'>ε</span> <span class='ocrx_word' id='word_1_121' title='bbox 2201 2619 2418 2716; x_wconf 82' lang='lat' dir='ltr'><strong>proin&#39;</strong></span> <span class='ocrx_word' id='word_1_122' title='bbox 2451 2636 2526 2690; x_wconf 94' lang='lat' dir='ltr'><strong>tu</strong></span> <span class='ocrx_word' id='word_1_123' title='bbox 2555 2625 2763 2691; x_wconf 90' lang='lat' dir='ltr'><strong>Pseu-</strong></span> 
     </span>
     <span class='ocr_line' id='line_1_22' title="bbox 908 2730 1067 2800; baseline 0 0"><span class='ocrx_word' id='word_1_124' title='bbox 908 2730 1067 2800; x_wconf 86' lang='lat' dir='ltr'><strong>dolo</strong></span> 
     </span>
    </p>
   </div>
   <div class='ocr_carea' id='block_1_4' title="bbox 516 2875 1647 3180">
    <p class='ocr_par' dir='ltr' id='par_1_15' title="bbox 600 2875 1642 3012">
     <span class='ocr_line' id='line_1_23' title="bbox 694 2875 1642 2948; baseline -0.005 -16"><span class='ocrx_word' id='word_1_125' title='bbox 694 2879 789 2946; x_wconf 85' lang='lat'><strong>89.</strong></span> <span class='ocrx_word' id='word_1_126' title='bbox 820 2878 963 2948; x_wconf 75' lang='lat' dir='ltr'><strong>Quid</strong></span> <span class='ocrx_word' id='word_1_127' title='bbox 984 2888 1153 2938; x_wconf 80' lang='lat' dir='ltr'><strong>meree,</strong></span> <span class='ocrx_word' id='word_1_128' title='bbox 1177 2894 1286 2948; x_wconf 88' lang='lat' dir='ltr'><strong>quo</strong></span> <span class='ocrx_word' id='word_1_129' title='bbox 1314 2875 1489 2948; x_wconf 85' lang='lat' dir='ltr'><strong>pretio</strong></span> <span class='ocrx_word' id='word_1_130' title='bbox 1510 2894 1642 2928; x_wconf 80' lang='lat' dir='ltr'><strong>con·</strong></span> 
     </span>
     <span class='ocr_line' id='line_1_24' title="bbox 600 2953 1175 3012; baseline -0.005 -1"><span class='ocrx_word' id='word_1_131' title='bbox 600 2953 769 3012; x_wconf 77' lang='lat' dir='ltr'><strong>dueta</strong></span> <span class='ocrx_word' id='word_1_132' title='bbox 794 2955 863 3010; x_wconf 81' lang='lat' dir='ltr'><strong>ud</strong></span> <span class='ocrx_word' id='word_1_133' title='bbox 894 2955 1175 3010; x_wconf 82' lang='lat' dir='ltr'><strong>utendum.</strong></span> 
     </span>
    </p>

    <p class='ocr_par' dir='ltr' id='par_1_16' title="bbox 516 3025 1646 3108">
     <span class='ocr_line' id='line_1_25' title="bbox 516 3025 1646 3108; baseline -0.004 -16"><span class='ocrx_word' id='word_1_134' title='bbox 516 3025 522 3038; x_wconf 55' lang='lat'>⁸</span> <span class='ocrx_word' id='word_1_135' title='bbox 697 3055 791 3106; x_wconf 78' lang='lat'><strong>92.</strong></span> <span class='ocrx_word' id='word_1_136' title='bbox 839 3037 955 3090; x_wconf 88' lang='lat' dir='ltr'><strong>Meo</strong></span> <span class='ocrx_word' id='word_1_137' title='bbox 993 3037 1202 3108; x_wconf 79' lang='lat' dir='ltr'><strong>peculio.</strong></span> <span class='ocrx_word' id='word_1_138' title='bbox 1246 3034 1329 3088; x_wconf 79' lang='lat' dir='ltr'><strong>Ad</strong></span> <span class='ocrx_word' id='word_1_139' title='bbox 1373 3053 1489 3088; x_wconf 76' lang='lat' dir='ltr'><strong>eam</strong></span> <span class='ocrx_word' id='word_1_140' title='bbox 1528 3053 1646 3087; x_wconf 84' lang='lat' dir='ltr'><strong>rem</strong></span> 
     </span>
    </p>

    <p class='ocr_par' dir='ltr' id='par_1_17' title="bbox 605 3113 1647 3180">
     <span class='ocr_line' id='line_1_26' title="bbox 605 3113 1647 3180; baseline -0.003 -10"><span class='ocrx_word' id='word_1_141' title='bbox 605 3113 815 3180; x_wconf 75' lang='lat' dir='ltr'><strong>dictum</strong></span> <span class='ocrx_word' id='word_1_142' title='bbox 841 3117 1001 3170; x_wconf 78' lang='lat' dir='ltr'><strong>etiam</strong></span> <span class='ocrx_word' id='word_1_143' title='bbox 1024 3117 1082 3170; x_wconf 90' lang='lat' dir='ltr'><strong>in</strong></span> <span class='ocrx_word' id='word_1_144' title='bbox 1097 3115 1372 3168; x_wconf 80' lang='lat' dir='ltr'><strong>Phallicis:</strong></span> <span class='ocrx_word' id='word_1_145' title='bbox 1408 3114 1647 3167; x_wconf 70' lang='lat' dir='ltr'><strong>‹Pulcre</strong></span> 
     </span>
    </p>
   </div>
   <div class='ocr_carea' id='block_1_5' title="bbox 1732 2878 2767 3170">
    <p class='ocr_par' dir='ltr' id='par_1_18' title="bbox 1732 2878 2767 3170">
     <span class='ocr_line' id='line_1_27' title="bbox 1732 2878 2767 2950; baseline 0.003 -21"><span class='ocrx_word' id='word_1_146' title='bbox 1732 2878 1922 2930; x_wconf 76' lang='lat' dir='ltr'><strong>nemin</strong></span> <span class='ocrx_word' id='word_1_147' title='bbox 1943 2882 2149 2932; x_wconf 73' lang='lat' dir='ltr'><strong>sustinet</strong></span> <span class='ocrx_word' id='word_1_148' title='bbox 2165 2897 2449 2950; x_wconf 78' lang='lat' dir='ltr'><strong>perperam</strong></span> <span class='ocrx_word' id='word_1_149' title='bbox 2468 2889 2767 2932; x_wconf 82' lang='lat' dir='ltr'><strong>mutarunt·</strong></span> 
     </span>
     <span class='ocr_line' id='line_1_28' title="bbox 1734 2957 2766 3032; baseline 0.004 -24"><span class='ocrx_word' id='word_1_150' title='bbox 1734 2957 1906 3024; x_wconf 83' lang='lat' dir='ltr'><strong>Quam</strong></span> <span class='ocrx_word' id='word_1_151' title='bbox 1974 2957 2194 3030; x_wconf 86' lang='lat' dir='ltr'><strong>quidem</strong></span> <span class='ocrx_word' id='word_1_152' title='bbox 2249 2957 2490 3032; x_wconf 85' lang='lat' dir='ltr'><strong>corporis</strong></span> <span class='ocrx_word' id='word_1_153' title='bbox 2561 2971 2766 3030; x_wconf 77' lang='lat' dir='ltr'><strong>partem</strong></span> 
     </span>
     <span class='ocr_line' id='line_1_29' title="bbox 1735 3037 2766 3106; baseline 0.001 -16"><span class='ocrx_word' id='word_1_154' title='bbox 1735 3056 1852 3090; x_wconf 86' lang='lat' dir='ltr'><strong>sum</strong></span> <span class='ocrx_word' id='word_1_155' title='bbox 1861 3057 1942 3090; x_wconf 75' lang='lat' dir='ltr'><strong>ma</strong></span> <span class='ocrx_word' id='word_1_156' title='bbox 1960 3037 2223 3091; x_wconf 76' lang='lat' dir='ltr'><strong>sustinent</strong></span> <span class='ocrx_word' id='word_1_157' title='bbox 2243 3039 2438 3094; x_wconf 80' lang='lat' dir='ltr'><strong>femina</strong></span> <span class='ocrx_word' id='word_1_158' title='bbox 2453 3077 2470 3106; x_wconf 86' lang='lat'><strong>,</strong></span> <span class='ocrx_word' id='word_1_159' title='bbox 2492 3057 2654 3092; x_wconf 88' lang='lat' dir='ltr'><strong>nemo</strong></span> <span class='ocrx_word' id='word_1_160' title='bbox 2671 3037 2766 3091; x_wconf 88' lang='lat' dir='ltr'><strong>du·</strong></span> 
     </span>
     <span class='ocr_line' id='line_1_30' title="bbox 1735 3117 2162 3170; baseline 0.002 -1"><span class='ocrx_word' id='word_1_161' title='bbox 1735 3117 1886 3170; x_wconf 81' lang='lat' dir='ltr'><strong>bitat.</strong></span> <span class='ocrx_word' id='word_1_162' title='bbox 1915 3117 2162 3170; x_wconf 58' lang='lat' dir='ltr'><strong>Canu.</strong></span> 
     </span>
    </p>
   </div>
   <div class='ocr_carea' id='block_1_6' title="bbox 606 3195 1647 4060">
    <p class='ocr_par' dir='ltr' id='par_1_19' title="bbox 606 3195 1646 4060">
     <span class='ocr_line' id='line_1_31' title="bbox 608 3195 1646 3268; baseline -0.003 -18"><span class='ocrx_word' id='word_1_163' title='bbox 608 3196 907 3268; x_wconf 72' lang='lat' dir='ltr'><strong>pensilibus</strong></span> <span class='ocrx_word' id='word_1_164' title='bbox 937 3197 1257 3267; x_wconf 69' lang='lat' dir='ltr'><strong>peculini».</strong></span> <span class='ocrx_word' id='word_1_165' title='bbox 1283 3195 1604 3249; x_wconf 77' lang='lat' dir='ltr'><strong>Petronius</strong></span> <span class='ocrx_word' id='word_1_166' title='bbox 1589 3215 1646 3247; x_wconf 89' lang='grc' dir='ltr'><strong>ιιι</strong></span> 
     </span>
     <span class='ocr_line' id='line_1_32' title="bbox 614 3275 1646 3347; baseline 0 -19"><span class='ocrx_word' id='word_1_167' title='bbox 614 3275 860 3347; x_wconf 79' lang='lat' dir='ltr'><strong>Satyrico</strong></span> <span class='ocrx_word' id='word_1_168' title='bbox 888 3276 1202 3330; x_wconf 79' lang='lat' dir='ltr'><strong>Massiliensi</strong></span> <span class='ocrx_word' id='word_1_169' title='bbox 1226 3293 1239 3328; x_wconf 74' lang='grc' dir='ltr'><strong><em>ε</em></strong></span> <span class='ocrx_word' id='word_1_170' title='bbox 1281 3301 1303 3323; x_wconf 76' lang='grc' dir='ltr'><strong>α</strong></span> <span class='ocrx_word' id='word_1_171' title='bbox 1324 3276 1646 3346; x_wconf 84' lang='lat' dir='ltr'><strong>prolatoque</strong></span> 
     </span>
     <span class='ocr_line' id='line_1_33' title="bbox 611 3355 1644 3426; baseline -0.003 -18"><span class='ocrx_word' id='word_1_172' title='bbox 611 3355 828 3426; x_wconf 86' lang='lat' dir='ltr'><strong>peculio</strong></span> <span class='ocrx_word' id='word_1_173' title='bbox 875 3369 1123 3425; x_wconf 84' lang='lat' dir='ltr'><strong>stuprum</strong></span> <span class='ocrx_word' id='word_1_174' title='bbox 1172 3373 1362 3425; x_wconf 76' lang='lat' dir='ltr'><strong>rogare</strong></span> <span class='ocrx_word' id='word_1_175' title='bbox 1401 3355 1565 3426; x_wconf 83' lang='lat' dir='ltr'><strong>coepit</strong></span> <span class='ocrx_word' id='word_1_176' title='bbox 1594 3380 1644 3405; x_wconf 70' lang='lat' dir='ltr'><strong>n.</strong></span> 
     </span>
     <span class='ocr_line' id='line_1_34' title="bbox 612 3434 1644 3506; baseline -0.001 -18"><span class='ocrx_word' id='word_1_177' title='bbox 612 3437 679 3488; x_wconf 78' lang='lat' dir='ltr'><strong>In</strong></span> <span class='ocrx_word' id='word_1_178' title='bbox 747 3434 855 3488; x_wconf 80' lang='lat' dir='ltr'><strong>vita</strong></span> <span class='ocrx_word' id='word_1_179' title='bbox 933 3435 1274 3506; x_wconf 76' lang='lat' dir='ltr'><strong>Heliogabali</strong></span> <span class='ocrx_word' id='word_1_180' title='bbox 1348 3435 1644 3506; x_wconf 77' lang='lat' dir='ltr'><strong>leguntur:</strong></span> 
     </span>
     <span class='ocr_line' id='line_1_35' title="bbox 614 3513 1646 3568; baseline 0.002 -4"><span class='ocrx_word' id='word_1_181' title='bbox 614 3541 643 3563; x_wconf 66' lang='grc' dir='ltr'><strong>ι</strong></span> <span class='ocrx_word' id='word_1_182' title='bbox 672 3514 919 3567; x_wconf 85' lang='lat' dir='ltr'><strong>homines</strong></span> <span class='ocrx_word' id='word_1_183' title='bbox 983 3517 1124 3568; x_wconf 84' lang='lat' dir='ltr'><strong>bene</strong></span> <span class='ocrx_word' id='word_1_184' title='bbox 1188 3513 1351 3568; x_wconf 76' lang='lat' dir='ltr'><strong>vasati</strong></span> <span class='ocrx_word' id='word_1_185' title='bbox 1413 3527 1469 3566; x_wconf 91' lang='lat' dir='ltr'><strong>et</strong></span> <span class='ocrx_word' id='word_1_186' title='bbox 1532 3532 1646 3566; x_wconf 79' lang='lat' dir='ltr'><strong>ma-</strong></span> 
     </span>
     <span class='ocr_line' id='line_1_36' title="bbox 610 3593 1645 3666; baseline -0.002 -19"><span class='ocrx_word' id='word_1_187' title='bbox 610 3595 747 3665; x_wconf 80' lang='lat' dir='ltr'><strong>joris</strong></span> <span class='ocrx_word' id='word_1_188' title='bbox 792 3595 990 3666; x_wconf 87' lang='lat' dir='ltr'><strong>peculii</strong></span> <span class='ocrx_word' id='word_1_189' title='bbox 1028 3621 1078 3646; x_wconf 77' lang='grc' dir='ltr'><strong>ιι.</strong></span> <span class='ocrx_word' id='word_1_190' title='bbox 1129 3595 1269 3646; x_wconf 81' lang='lat' dir='ltr'><strong>Vasa</strong></span> <span class='ocrx_word' id='word_1_191' title='bbox 1315 3612 1536 3666; x_wconf 86' lang='lat' dir='ltr'><strong>quoque</strong></span> <span class='ocrx_word' id='word_1_192' title='bbox 1589 3593 1645 3645; x_wconf 90' lang='lat' dir='ltr'><strong>in</strong></span> 
     </span>
     <span class='ocr_line' id='line_1_37' title="bbox 606 3672 1647 3746; baseline -0.005 -18"><span class='ocrx_word' id='word_1_193' title='bbox 606 3691 727 3728; x_wconf 78' lang='lat' dir='ltr'><strong>eam</strong></span> <span class='ocrx_word' id='word_1_194' title='bbox 773 3687 977 3746; x_wconf 69' lang='lat' dir='ltr'><strong>portem</strong></span> <span class='ocrx_word' id='word_1_195' title='bbox 1028 3673 1298 3728; x_wconf 73' lang='lat' dir='ltr'><strong>dicebant</strong></span> <span class='ocrx_word' id='word_1_196' title='bbox 1345 3672 1507 3726; x_wconf 90' lang='lat' dir='ltr'><strong>Unde</strong></span> <span class='ocrx_word' id='word_1_197' title='bbox 1563 3692 1647 3724; x_wconf 82' lang='lat' dir='ltr'><strong>va-</strong></span> 
     </span>
     <span class='ocr_line' id='line_1_38' title="bbox 614 3751 1646 3825; baseline 0.001 -20"><span class='ocrx_word' id='word_1_198' title='bbox 614 3757 713 3806; x_wconf 65' lang='grc' dir='ltr'><strong>εστι·</strong></span> <span class='ocrx_word' id='word_1_199' title='bbox 752 3753 1098 3824; x_wconf 77' lang='lat' dir='ltr'><strong>Lampridio,</strong></span> <span class='ocrx_word' id='word_1_200' title='bbox 1155 3754 1248 3825; x_wconf 85' lang='lat' dir='ltr'><strong>qui</strong></span> <span class='ocrx_word' id='word_1_201' title='bbox 1295 3753 1353 3806; x_wconf 89' lang='lat' dir='ltr'><strong>in</strong></span> <span class='ocrx_word' id='word_1_202' title='bbox 1395 3751 1646 3806; x_wconf 77' lang='lat' dir='ltr'><strong>Phallicis</strong></span> 
     </span>
     <span class='ocr_line' id='line_1_39' title="bbox 611 3831 1646 3904; baseline -0.002 -18"><span class='ocrx_word' id='word_1_203' title='bbox 611 3834 729 3886; x_wconf 76' lang='lat' dir='ltr'><strong>bene</strong></span> <span class='ocrx_word' id='word_1_204' title='bbox 756 3835 1006 3904; x_wconf 71' lang='lat' dir='ltr'><strong>peculiari.</strong></span> <span class='ocrx_word' id='word_1_205' title='bbox 1061 3835 1278 3889; x_wconf 61' lang='lat' dir='ltr'><strong>Scsmo.</strong></span> <span class='ocrx_word' id='word_1_206' title='bbox 1327 3863 1406 3874; x_wconf 89' lang='lat'><strong>—-</strong></span> <span class='ocrx_word' id='word_1_207' title='bbox 1440 3831 1515 3883; x_wconf 79' lang='lat' dir='ltr'><strong>Fe</strong></span> <span class='ocrx_word' id='word_1_208' title='bbox 1488 3836 1646 3884; x_wconf 81' lang='lat' dir='ltr'><strong>emina</strong></span> 
     </span>
     <span class='ocr_line' id='line_1_40' title="bbox 606 3911 1646 3971; baseline 0 -5"><span class='ocrx_word' id='word_1_209' title='bbox 606 3933 792 3966; x_wconf 77' lang='lat' dir='ltr'><strong>summa</strong></span> <span class='ocrx_word' id='word_1_210' title='bbox 814 3917 1158 3968; x_wconf 68' lang='lat' dir='ltr'><strong>sustinentem</strong></span> <span class='ocrx_word' id='word_1_211' title='bbox 1179 3933 1264 3971; x_wconf 85' lang='lat' dir='ltr'><strong>me</strong></span> <span class='ocrx_word' id='word_1_212' title='bbox 1291 3911 1525 3964; x_wconf 82' lang='lat' dir='ltr'><strong>breviter</strong></span> <span class='ocrx_word' id='word_1_213' title='bbox 1552 3913 1646 3966; x_wconf 77' lang='lat' dir='ltr'><strong>ab·</strong></span> 
     </span>
     <span class='ocr_line' id='line_1_41' title="bbox 606 3992 1640 4060; baseline -0.005 -11"><span class='ocrx_word' id='word_1_214' title='bbox 606 3994 847 4049; x_wconf 76' lang='lat' dir='ltr'><strong>solvam·</strong></span> <span class='ocrx_word' id='word_1_215' title='bbox 834 3995 1049 4060; x_wconf 79' lang='lat' dir='ltr'><strong>,femina</strong></span> <span class='ocrx_word' id='word_1_216' title='bbox 1076 3993 1165 4046; x_wconf 82' lang='lat' dir='ltr'><strong>hic</strong></span> <span class='ocrx_word' id='word_1_217' title='bbox 1192 4012 1303 4046; x_wconf 89' lang='lat' dir='ltr'><strong>non</strong></span> <span class='ocrx_word' id='word_1_218' title='bbox 1330 3992 1640 4060; x_wconf 81' lang='lat' dir='ltr'><strong>mulierem,</strong></span> 
     </span>
    </p>
   </div>
   <div class='ocr_carea' id='block_1_7' title="bbox 1734 3198 2766 3990">
    <p class='ocr_par' dir='ltr' id='par_1_20' title="bbox 1734 3198 2766 3749">
     <span class='ocr_line' id='line_1_42' title="bbox 1819 3198 2762 3265; baseline -0.003 -14"><span class='ocrx_word' id='word_1_219' title='bbox 1819 3199 1911 3264; x_wconf 88' lang='grc'><strong>93.</strong></span> <span class='ocrx_word' id='word_1_220' title='bbox 1963 3199 2114 3250; x_wconf 72' lang='lat' dir='ltr'><strong>Uncti</strong></span> <span class='ocrx_word' id='word_1_221' title='bbox 2157 3209 2272 3250; x_wconf 78' lang='lat' dir='ltr'><strong>sunt</strong></span> <span class='ocrx_word' id='word_1_222' title='bbox 2288 3238 2305 3264; x_wconf 87' lang='lat'><strong>,</strong></span> <span class='ocrx_word' id='word_1_223' title='bbox 2343 3199 2533 3265; x_wconf 76' lang='lat' dir='ltr'><strong>fricari</strong></span> <span class='ocrx_word' id='word_1_224' title='bbox 2574 3198 2762 3249; x_wconf 75' lang='lat' dir='ltr'><strong>volunt.</strong></span> 
     </span>
     <span class='ocr_line' id='line_1_43' title="bbox 1734 3277 2765 3350; baseline 0.001 -22"><span class='ocrx_word' id='word_1_225' title='bbox 1734 3277 2086 3330; x_wconf 81' lang='lat' dir='ltr'><strong>Proverbium</strong></span> <span class='ocrx_word' id='word_1_226' title='bbox 2122 3278 2444 3348; x_wconf 69' lang='lat' dir='ltr'><strong>conveniens</strong></span> <span class='ocrx_word' id='word_1_227' title='bbox 2469 3277 2525 3330; x_wconf 87' lang='lat' dir='ltr'><strong>in</strong></span> <span class='ocrx_word' id='word_1_228' title='bbox 2558 3296 2648 3329; x_wconf 87' lang='lat' dir='ltr'><strong>eos</strong></span> <span class='ocrx_word' id='word_1_229' title='bbox 2675 3277 2765 3350; x_wconf 86' lang='lat' dir='ltr'><strong>qui</strong></span> 
     </span>
     <span class='ocr_line' id='line_1_44' title="bbox 1734 3355 2765 3426; baseline 0.001 -18"><span class='ocrx_word' id='word_1_230' title='bbox 1734 3373 1832 3426; x_wconf 85' lang='lat' dir='ltr'><strong>per</strong></span> <span class='ocrx_word' id='word_1_231' title='bbox 1856 3355 2126 3410; x_wconf 80' lang='lat' dir='ltr'><strong>lasciviam</strong></span> <span class='ocrx_word' id='word_1_232' title='bbox 2152 3361 2294 3411; x_wconf 80' lang='lat' dir='ltr'><strong>ultro</strong></span> <span class='ocrx_word' id='word_1_233' title='bbox 2329 3359 2429 3410; x_wconf 84' lang='lat' dir='ltr'><strong>sibi</strong></span> <span class='ocrx_word' id='word_1_234' title='bbox 2456 3357 2657 3410; x_wconf 85' lang='lat' dir='ltr'><strong>malum</strong></span> <span class='ocrx_word' id='word_1_235' title='bbox 2680 3377 2765 3410; x_wconf 76' lang='lat' dir='ltr'><strong>ar-</strong></span> 
     </span>
     <span class='ocr_line' id='line_1_45' title="bbox 1736 3437 2764 3510; baseline 0.001 -23"><span class='ocrx_word' id='word_1_236' title='bbox 1736 3449 1946 3490; x_wconf 84' lang='lat' dir='ltr'><strong>cessunt</strong></span> <span class='ocrx_word' id='word_1_237' title='bbox 1962 3477 1978 3502; x_wconf 86' lang='lat'><strong>,</strong></span> <span class='ocrx_word' id='word_1_238' title='bbox 2002 3456 2095 3491; x_wconf 82' lang='lat' dir='ltr'><strong>seu</strong></span> <span class='ocrx_word' id='word_1_239' title='bbox 2125 3437 2450 3510; x_wconf 80' lang='lat' dir='ltr'><strong>jocularium</strong></span> <span class='ocrx_word' id='word_1_240' title='bbox 2475 3437 2536 3490; x_wconf 87' lang='lat' dir='ltr'><strong>in</strong></span> <span class='ocrx_word' id='word_1_241' title='bbox 2563 3437 2764 3500; x_wconf 77' lang='lat' dir='ltr'><strong>malum</strong></span> 
     </span>
     <span class='ocr_line' id='line_1_46' title="bbox 1735 3515 2763 3588; baseline 0.002 -22"><span class='ocrx_word' id='word_1_242' title='bbox 1735 3517 1955 3588; x_wconf 77' lang='lat' dir='ltr'><strong>propria</strong></span> <span class='ocrx_word' id='word_1_243' title='bbox 2033 3516 2420 3588; x_wconf 89' lang='lat' dir='ltr'><strong>inquietudine</strong></span> <span class='ocrx_word' id='word_1_244' title='bbox 2500 3515 2763 3571; x_wconf 87' lang='lat' dir='ltr'><strong>incidunt.</strong></span> 
     </span>
     <span class='ocr_line' id='line_1_47' title="bbox 1737 3592 2766 3670; baseline 0 -22"><span class='ocrx_word' id='word_1_245' title='bbox 1737 3592 2030 3653; x_wconf 55' lang='lat' dir='ltr'><strong>Gnoz&#39;covf</strong></span> <span class='ocrx_word' id='word_1_246' title='bbox 2055 3626 2135 3636; x_wconf 90' lang='lat'><strong>—-</strong></span> <span class='ocrx_word' id='word_1_247' title='bbox 2156 3597 2246 3649; x_wconf 73' lang='lat' dir='ltr'><strong>Ex</strong></span> <span class='ocrx_word' id='word_1_248' title='bbox 2273 3601 2504 3670; x_wconf 75' lang='lat' dir='ltr'><strong>antiquo,</strong></span> <span class='ocrx_word' id='word_1_249' title='bbox 2522 3595 2733 3670; x_wconf 84' lang='lat' dir='ltr'><strong>jamdiu</strong></span> <span class='ocrx_word' id='word_1_250' title='bbox 2750 3634 2766 3661; x_wconf 91' lang='lat'><strong>,</strong></span> 
     </span>
     <span class='ocr_line' id='line_1_48' title="bbox 1734 3674 2472 3749; baseline 0.005 -24"><span class='ocrx_word' id='word_1_251' title='bbox 1734 3674 1912 3746; x_wconf 79' lang='lat' dir='ltr'><strong>itaque</strong></span> <span class='ocrx_word' id='word_1_252' title='bbox 1936 3695 2099 3729; x_wconf 82' lang='lat' dir='ltr'><strong>morae</strong></span> <span class='ocrx_word' id='word_1_253' title='bbox 2122 3676 2472 3749; x_wconf 81' lang='lat' dir='ltr'><strong>impatientes.</strong></span> 
     </span>
    </p>

    <p class='ocr_par' dir='ltr' id='par_1_21' title="bbox 1734 3755 2765 3990">
     <span class='ocr_line' id='line_1_49' title="bbox 1819 3755 2765 3828; baseline 0 -20"><span class='ocrx_word' id='word_1_254' title='bbox 1819 3773 1915 3824; x_wconf 86' lang='lat'><strong>99.</strong></span> <span class='ocrx_word' id='word_1_255' title='bbox 1950 3755 2150 3810; x_wconf 76' lang='lat' dir='ltr'><strong>Nullius</strong></span> <span class='ocrx_word' id='word_1_256' title='bbox 2163 3758 2257 3810; x_wconf 83' lang='lat' dir='ltr'><strong>col.</strong></span> <span class='ocrx_word' id='word_1_257' title='bbox 2275 3759 2442 3828; x_wconf 75' lang='lat' dir='ltr'><strong>gnavi.</strong></span> <span class='ocrx_word' id='word_1_258' title='bbox 2474 3755 2584 3822; x_wconf 91' lang='lat' dir='ltr'><strong>Qui</strong></span> <span class='ocrx_word' id='word_1_259' title='bbox 2597 3755 2765 3810; x_wconf 82' lang='lat' dir='ltr'><strong>homo</strong></span> 
     </span>
     <span class='ocr_line' id='line_1_50' title="bbox 1734 3833 2763 3910; baseline 0.005 -26"><span class='ocrx_word' id='word_1_260' title='bbox 1734 3833 1867 3886; x_wconf 82' lang='lat' dir='ltr'><strong>mihi</strong></span> <span class='ocrx_word' id='word_1_261' title='bbox 1899 3835 2058 3908; x_wconf 85' lang='lat' dir='ltr'><strong>plane</strong></span> <span class='ocrx_word' id='word_1_262' title='bbox 2088 3848 2168 3893; x_wconf 82' lang='lat' dir='ltr'><strong>est</strong></span> <span class='ocrx_word' id='word_1_263' title='bbox 2209 3837 2281 3890; x_wconf 76' lang='lat' dir='ltr'><strong>ita</strong></span> <span class='ocrx_word' id='word_1_264' title='bbox 2301 3837 2559 3910; x_wconf 77' lang='lat' dir='ltr'><strong>ignotus,</strong></span> <span class='ocrx_word' id='word_1_265' title='bbox 2589 3848 2650 3889; x_wconf 88' lang='lat' dir='ltr'><strong>ut</strong></span> <span class='ocrx_word' id='word_1_266' title='bbox 2667 3836 2763 3902; x_wconf 76' lang='lat' dir='ltr'><strong>id,</strong></span> 
     </span>
     <span class='ocr_line' id='line_1_51' title="bbox 1735 3913 2764 3990; baseline 0.002 -24"><span class='ocrx_word' id='word_1_267' title='bbox 1735 3913 1883 3985; x_wconf 89' lang='lat' dir='ltr'><strong>quod</strong></span> <span class='ocrx_word' id='word_1_268' title='bbox 1922 3917 2074 3968; x_wconf 85' lang='lat' dir='ltr'><strong>nuno</strong></span> <span class='ocrx_word' id='word_1_269' title='bbox 2117 3915 2300 3971; x_wconf 85' lang='lat' dir='ltr'><strong>colore</strong></span> <span class='ocrx_word' id='word_1_270' title='bbox 2338 3916 2624 3990; x_wconf 75' lang='lat' dir='ltr'><strong>praeditum</strong></span> <span class='ocrx_word' id='word_1_271' title='bbox 2665 3928 2764 3970; x_wconf 85' lang='lat' dir='ltr'><strong>est.</strong></span> 
     </span>
    </p>
   </div>
   <div class='ocr_carea' id='block_1_8' title="bbox 1732 3992 2767 4064">
    <p class='ocr_par' dir='ltr' id='par_1_22' title="bbox 1732 3992 2767 4064">
     <span class='ocr_line' id='line_1_52' title="bbox 1732 3992 2767 4064; baseline 0.001 -18"><span class='ocrx_word' id='word_1_272' title='bbox 1732 3992 1946 4049; x_wconf 80' lang='lat' dir='ltr'><strong>Phaedr.</strong></span> <span class='ocrx_word' id='word_1_273' title='bbox 1977 3995 2108 4052; x_wconf 75' lang='lat' dir='ltr'><strong>Fal).</strong></span> <span class='ocrx_word' id='word_1_274' title='bbox 2145 3997 2250 4064; x_wconf 71' lang='lat'><strong>54,</strong></span> <span class='ocrx_word' id='word_1_275' title='bbox 2275 3997 2372 4052; x_wconf 87' lang='lat' dir='ltr'><strong>lib.</strong></span> <span class='ocrx_word' id='word_1_276' title='bbox 2393 3997 2520 4050; x_wconf 80' lang='lat'>111:</span> <span class='ocrx_word' id='word_1_277' title='bbox 2559 3994 2767 4048; x_wconf 72' lang='lat' dir='ltr'><strong>«Unde</strong></span> 
     </span>
    </p>
   </div>
   <div class='ocr_carea' id='block_1_9' title="bbox 599 4052 2766 4229">
    <p class='ocr_par' dir='ltr' id='par_1_23' title="bbox 599 4052 2766 4229">
     <span class='ocr_line' id='line_1_53' title="bbox 605 4052 2766 4148; baseline 0 -22"><span class='ocrx_word' id='word_1_278' title='bbox 605 4073 701 4126; x_wconf 88' lang='lat' dir='ltr'><strong>sed</strong></span> <span class='ocrx_word' id='word_1_279' title='bbox 712 4073 908 4140; x_wconf 76' lang='lat' dir='ltr'><strong>femora</strong></span> <span class='ocrx_word' id='word_1_280' title='bbox 940 4074 1267 4145; x_wconf 72' lang='lat' dir='ltr'><strong>significant.</strong></span> <span class='ocrx_word' id='word_1_281' title='bbox 1294 4052 1441 4145; x_wconf 81' lang='lat' dir='ltr'><strong>quod</strong></span> <span class='ocrx_word' id='word_1_282' title='bbox 1468 4091 1639 4144; x_wconf 86' lang='lat' dir='ltr'><strong>quum</strong></span> <span class='ocrx_word' id='word_1_283' title='bbox 1728 4073 1822 4128; x_wconf 76' lang='lat' dir='ltr'><strong>illu</strong></span> <span class='ocrx_word' id='word_1_284' title='bbox 1861 4076 2043 4142; x_wconf 84' lang='lat' dir='ltr'><strong>scivit,</strong></span> <span class='ocrx_word' id='word_1_285' title='bbox 2081 4077 2234 4148; x_wconf 76' lang='lat' dir='ltr'><strong>niger</strong></span> <span class='ocrx_word' id='word_1_286' title='bbox 2276 4095 2342 4130; x_wconf 78' lang='lat' dir='ltr'><strong>an</strong></span> <span class='ocrx_word' id='word_1_287' title='bbox 2388 4077 2542 4129; x_wconf 84' lang='lat' dir='ltr'><strong>albus</strong></span> <span class='ocrx_word' id='word_1_288' title='bbox 2580 4093 2766 4130; x_wconf 84' lang='lat' dir='ltr'><strong>nasce·</strong></span> 
     </span>
     <span class='ocr_line' id='line_1_54' title="bbox 599 4152 2766 4229; baseline 0.001 -24"><span class='ocrx_word' id='word_1_289' title='bbox 599 4172 711 4207; x_wconf 87' lang='lat' dir='ltr'><strong>nou</strong></span> <span class='ocrx_word' id='word_1_290' title='bbox 743 4154 1122 4208; x_wconf 78' lang='lat' dir='ltr'><strong>intellexissent</strong></span> <span class='ocrx_word' id='word_1_291' title='bbox 1160 4152 1446 4218; x_wconf 87' lang='lat' dir='ltr'><strong>nonnulli,</strong></span> <span class='ocrx_word' id='word_1_292' title='bbox 1488 4157 1638 4206; x_wconf 78' lang='lat' dir='ltr'><strong>susti·</strong></span> <span class='ocrx_word' id='word_1_293' title='bbox 1725 4159 1901 4207; x_wconf 65' lang='lat' dir='ltr'><strong>rex-5⁸·</strong></span> <span class='ocrx_word' id='word_1_294' title='bbox 1937 4157 2100 4229; x_wconf 80' lang='lat' dir='ltr'><strong>Apul.</strong></span> <span class='ocrx_word' id='word_1_295' title='bbox 2119 4158 2176 4211; x_wconf 90' lang='lat' dir='ltr'><strong>in</strong></span> <span class='ocrx_word' id='word_1_296' title='bbox 2196 4155 2475 4228; x_wconf 52' lang='lat' dir='ltr'><strong>Apologa</strong></span> <span class='ocrx_word' id='word_1_297' title='bbox 2453 4153 2671 4209; x_wconf 78' lang='lat' dir='ltr'><strong>«Etiam</strong></span> <span class='ocrx_word' id='word_1_298' title='bbox 2697 4154 2766 4208; x_wconf 88' lang='lat' dir='ltr'><strong>li</strong></span> 
     </span>
    </p>
   </div>
  </div>
 </body>
</html>
