3067 5017
548 416 695 508 236
1377 418 1864 503 nunnus,
1923 371 1928 376 ⁸

542 545 719 614 Nam
756 539 1065 635 equidem
1096 554 1163 610 te
1197 566 1459 637 nequeo
1497 541 1818 634 consequi
1860 555 1999 610 tam
2029 556 2320 611 strenue.

542 675 749 720 LABR.
796 650 1071 744 Utinam
1106 666 1169 719 te
1196 652 1383 744 prius
1410 677 1614 746 quam
1643 650 1853 722 oculis
1884 650 2192 720 vidissem
2221 651 2398 739 ‚meis
2419 705 2437 738 ,
2649 683 2702 710 xo

548 759 732 832 Malo
772 761 1075 830 cruciatu
1112 761 1181 829 in
1216 761 1513 831 Siciliam
1547 762 1944 855 perbitereS‚

546 871 771 960 Quem
809 886 1082 966 propter
1118 871 1251 940 hoc
1284 871 1453 946 mihi
1492 871 1738 965 obtigit
1773 871 2016 940 misero
2056 867 2254 944 mali!

552 1004 827 1050 omnm.
869 982 1185 1069 Utinam,
1212 1007 1427 1076 quom
1450 981 1517 1049 in
1553 980 1750 1050 aedeis
1777 1006 1886 1049 me
1917 979 2004 1049 ad
2039 995 2105 1050 te
2139 979 2478 1050 adduxisti
2513 996 2699 1068 tuaS‚

552 1095 635 1160 In
674 1115 939 1160 carcere
981 1089 1093 1160 illo
1133 1092 1358 1185 potius
1389 1091 1771 1160 cubuissem
1803 1087 1940 1161 die!

552 1203 868 1295 Deosque
904 1201 1315 1271 inmortaleis
1347 1227 1605 1295 quaeso‚
1646 1200 1806 1270 dum
1847 1201 2062 1287 vivaS‚
2104 1201 2205 1302 uti

556 1311 835 1380 Omneis
872 1312 970 1380 tui
1009 1311 1279 1381 similcis
1319 1312 1618 1406 hospites
1655 1312 1902 1382 habeas
1941 1310 2086 1381 tibi.

556 1444 756 1491 Lanu.
798 1407 1048 1492 Malam
1078 1429 1444 1492 Fortunam
1484 1425 1554 1490 in
1589 1422 1784 1492 aedeis
1819 1437 1885 1490 te
1922 1421 2173 1490 adduxi
2210 1446 2407 1492 meas·

558 1531 746 1621 Quid
782 1532 947 1600 mihi
987 1531 1263 1602 scelesto
1300 1533 1422 1601 tibi
1462 1547 1607 1602 erat
1637 1531 2086 1601 auscultatio?

447 1720 451 1726 ¹
562 1641 834 1731 Quidve
867 1643 1025 1712 hinc
1058 1644 1311 1713 abitio?
1347 1644 1592 1738 quidve
1638 1644 1706 1712 in
1752 1667 1989 1712 navem
2028 1641 2401 1711 inscensio?

558 1751 696 1821 Ubi
731 1751 991 1845 perdidi
1026 1755 1228 1822 etiam
1274 1751 1422 1847 plus
1460 1755 1624 1823 boni
1659 1777 1864 1848 quam
1904 1750 2070 1820 mihi
2112 1751 2262 1820 fuit.

558 1885 836 1932 cflAnM.
869 1861 1027 1949 Pol,
1060 1863 1360 1932 minume
1389 1865 1621 1949 miror,
1655 1863 1842 1936 navis
1870 1863 1926 1931 si
1955 1862 2164 1930 fracta
2183 1860 2265 1930 ’st
2295 1857 2418 1930 tibi
2437 1916 2458 1949 ‚

560 1971 793 2040 Scelus
826 1986 987 2041 teet
1014 1972 1283 2042 sceleste
1311 1990 1502 2069 parta
1534 1999 1682 2068 quae
1715 1975 1892 2043 vexit
1920 1974 2120 2042 bona.
2177 2059 2182 2064 ἱ

554 2106 762 2151 LABR.
803 2085 1076 2150 Pessum
1104 2082 1340 2153 dedisti
1386 2110 1492 2154 me
1528 2083 2007 2153 blandimentis
2050 2083 2206 2152 tuis·

566 2214 846 2263 cuum.
885 2192 1347 2282 Scelestiorem
1384 2220 1642 2264 coenam
1682 2194 1935 2263 coenavi
1968 2208 2193 2279 tuam,

559 2300 787 2389 Quam
822 2328 970 2395 quae
998 2305 1301 2397 Thyesta}
1337 2306 1682 2401 quondam
1717 2304 2090 2398 anteposita
2105 2300 2223 2384 'st‚
2257 2316 2322 2370 et
2347 2303 2584 2370 Tereo.
2658 2322 2712 2362 2⁵

561 2435 766 2482 LABR.
808 2414 1019 2499 Perii,
1045 2417 1271 2484 animo
1298 2414 1471 2484 male
1508 2413 1622 2486 fit!
1656 2415 1956 2499 contine,
1993 2437 2217 2509 quaeso
2242 2465 2260 2496 ,
2289 2426 2513 2507 caput.

561 2545 841 2595 CHARM.
870 2522 1344 2612 Pulmoneum,
1364 2525 1634 2621 edepol,
1664 2526 1862 2594 nimis
1885 2523 2082 2593 velim
2105 2526 2432 2592 vomitum
2455 2547 2706 2591 vomas,

563 2657 767 2702 Lanu.
802 2633 993 2703 Eheu
1016 2688 1033 2718 ‚
1058 2635 1367 2706 Palaestra
1392 2690 1409 2721 ‚
1439 2653 1640 2730 atque
1669 2631 2080 2730 Ampelisca!
2114 2635 2229 2704 ubi
2260 2635 2416 2704 estis
2445 2633 2674 2702 nunc?

566 2764 845 2812 CHARM.
885 2744 1187 2813 Piscibus
1219 2746 1288 2813 in
1328 2744 1462 2814 alto
1491 2746 1692 2815 credo
1732 2745 2030 2840 praebent
2068 2743 2414 2840 pabulum.

565 2876 763 2923 [ΑΒΕ.
811 2855 1315 2924 Mendicitatem
1354 2857 1521 2927 mihi
1558 2855 1860 2928 obtulisti
1905 2880 2108 2949 opera
2155 2870 2313 2942 tua,
2658 2875 2716 2915 3ο

562 2963 915 3032 Dum'tuis
951 2965 1253 3035 ausculto
1292 2967 1688 3061 magnidicis
1732 2965 2118 3035 mendaciis,
2187 3011 2192 3018 ·

566 3096 844 3144 CHARM.
882 3078 1137 3145 Bonam
1172 3091 1271 3145 est
1306 3077 1488 3170 quod
1516 3077 1762 3146 habeas
1801 3077 2080 3170 gratiam
2121 3073 2362 3141 merito
2406 3071 2612 3158 mihi,

658 3240 682 3273 1
700 3238 721 3272 ι
738 3223 827 3274 ,In
847 3219 1082 3276 Siciliam.
1107 3223 1289 3278 Aulul.
1308 3226 1410 3291 IV,
1438 3226 1469 3279 3
1490 3263 1503 3284 ‚
1543 3232 1597 3290 4.
1689 3239 1854 3279 ratur.
1879 3227 1960 3278 De
1987 3226 2191 3289 Tereo,
2223 3223 2310 3274 cui
2343 3223 2550 3291 Progne
2575 3239 2717 3273 uxor

570 3331 651 3344 -·
678 3300 972 3367 Per-hiteta,
994 3303 1228 3374 perires,
1250 3306 1484 3377 antique.
1514 3306 1600 3359 Cf.
1691 3323 2028 3358 communem
2064 3303 2238 3356 filium
2263 3302 2404 3372 Itym
2428 3299 2712 3353 comeden-

567 3379 899 3446 Pseud.111‚
926 3401 978 3446 1,
1008 3395 1100 3435 1'2.
1691 3384 1822 3438 dum
1852 3384 2078 3456 objecit,
2106 3381 2230 3436 vide
2255 3382 2339 3434 vel
2368 3378 2552 3433 Ovidii
2575 3381 2712 3433 Met.

661 3480 750 3531 ¹7·
778 3461 967 3514 Malam
977 3462 1251 3529 fortunam.
1269 3462 1400 3516 Vid.
1417 3464 1600 3518 Aulul.
1690 3465 1790 3519 lib.
1809 3466 1919 3530 VI,
1963 3483 1996 3534 7
2027 3477 2079 3516 et
2109 3481 2254 3534 seqq.
2285 3462 2471 3514 Gnon.

575 3541 623 3605 I,
655 3562 707 3604 2,
731 3560 823 3595 22.
1778 3549 1868 3597 26.
1904 3544 2088 3596 Animo
2126 3545 2250 3594 male
2269 3541 2355 3611 fit.
2397 3541 2706 3610 Λειποψυχῶ·

662 3621 747 3673 18.
775 3621 915 3688 Quid
930 3621 1071 3682 mihi,
1098 3635 1203 3675 etc.
1230 3623 1344 3676 Cur
1364 3623 1462 3676 tibi
1484 3643 1603 3676 sce·
1689 3623 1948 3694 significat
1975 3642 2030 3676 se
2057 3623 2392 3676 vomiturire.
2415 3621 2602 3673 Lanu.

570 3699 707 3752 lesto
734 3701 1061 3755 auscultavi?
1775 3723 1869 3772 ²9·
1903 3703 2162 3755 Pabulum.
2199 3695 2290 3754 Sic'
2315 3702 2532 3753 Petron.
2558 3699 2716 3752 Satir-

658 3798 748 3832 20.
787 3780 883 3832 Ubi
914 3783 1141 3852 perdidi,
1190 3796 1293 3835 etc.
1343 3783 1415 3835 Et
1456 3781 1600 3835 enim
1695 3809 1719 3831 ι
1743 3822 1833 3837 .....
1857 3802 2084 3854 regnum
2108 3780 2348 3852 Neptuni
2378 3782 2524 3850 pavit
2547 3780 2714 3852 Ulys-

569 3857 807 3929 perdidit
827 3861 1076 3914 mulieres
1097 3879 1193 3932 per
1212 3881 1341 3933 quas
1368 3862 1598 3914 multum
1687 3881 1768 3916 ses
1789 3889 1838 3916 ιι.
1869 3861 2141 3915 Nimirum
2159 3901 2174 3927 ,
2211 3859 2360 3931 quod
2387 3859 2622 3930 piscibus
2655 3859 2715 3910 in

569 3956 682 3990 rem
706 3957 855 3992 suam
882 3931 1167 3994 aucturum
1192 3961 1247 3994 se
1273 3942 1539 4012 sperabat.
1689 3943 1822 3996 mari
1847 3942 2103 4014 pabulum
2129 3940 2418 4012 praebuerit
2444 3939 2633 4004 toties,
2661 3951 2718 3990 et

659 4018 751 4074 25.
794 4020 1045 4091 Thyesta,
1080 4033 1181 4074 etc.
1228 4021 1429 4074 Fabula
1470 4035 1598 4075 nota
1687 4023 1796 4076 suis
1830 4036 1882 4076 et
1909 4022 2173 4076 sociorum
2203 4019 2492 4090 naufragiis
2523 4040 2536 4070 ε
2569 4016 2715 4091 apud

572 4109 680 4162 est,
703 4117 807 4167 qua
828 4100 1020 4153 Atreus
1032 4101 1285 4173 Thyesta
1303 4102 1451 4154 fratri
1473 4121 1598 4155 suos
1687 4104 1852 4156 Hom.
1882 4103 2091 4155 Doum-

569 4176 767 4232 liberos
798 4179 1090 4251 epulandos
1128 4181 1437 4252 apposuisse
1473 4201 1597 4236 nat·-
1771 4182 1866 4236 3o.’
1886 4182 2154 4244 obtulisti,
2187 4178 2443 4234 adtulisti.
