<?xml version="1.0" encoding="UTF-8"?>
<!DOCTYPE html PUBLIC "-//W3C//DTD XHTML 1.0 Transitional//EN"
    "http://www.w3.org/TR/xhtml1/DTD/xhtml1-transitional.dtd">
<html xmlns="http://www.w3.org/1999/xhtml" xml:lang="en" lang="en">
 <head>
  <title>
</title>
<meta http-equiv="Content-Type" content="text/html;charset=utf-8" />
  <meta name='ocr-system' content='tesseract 3.04.00' />
  <meta name='ocr-capabilities' content='ocr_page ocr_carea ocr_par ocr_line ocrx_word'/>
</head>
<body>
  <div class='ocr_page' id='page_1' title='image "./macciiplauticom00naudgoog_0028.png"; bbox 0 0 3067 5017; ppageno 0'>
   <div class='ocr_carea' id='block_1_1' title="bbox 565 452 651 525">
    <p class='ocr_par' dir='ltr' id='par_1_1' title="bbox 565 452 651 525">
     <span class='ocr_line' id='line_1_1' title="bbox 565 452 651 525; baseline -0.023 0"><span class='ocrx_word' id='word_1_1' title='bbox 565 452 651 525; x_wconf 83' lang='lat'><strong>18</strong></span> 
     </span>
    </p>
   </div>
   <div class='ocr_carea' id='block_1_2' title="bbox 1335 453 1936 535">
    <p class='ocr_par' dir='ltr' id='par_1_2' title="bbox 1335 453 1936 535">
     <span class='ocr_line' id='line_1_2' title="bbox 1335 453 1936 535; baseline 0.003 -14"><span class='ocrx_word' id='word_1_2' title='bbox 1335 453 1936 535; x_wconf 82' lang='lat' dir='ltr'><strong>POENULUS‚</strong></span> 
     </span>
    </p>
   </div>
   <div class='ocr_carea' id='block_1_3' title="bbox 545 569 2711 2211">
    <p class='ocr_par' dir='ltr' id='par_1_3' title="bbox 553 569 2297 668">
     <span class='ocr_line' id='line_1_3' title="bbox 553 569 2297 668; baseline 0 -24"><span class='ocrx_word' id='word_1_3' title='bbox 553 576 780 668; x_wconf 79' lang='lat' dir='ltr'><strong>Atque</strong></span> <span class='ocrx_word' id='word_1_4' title='bbox 814 572 957 641; x_wconf 80' lang='lat' dir='ltr'><strong>haec</strong></span> <span class='ocrx_word' id='word_1_5' title='bbox 991 586 1068 641; x_wconf 85' lang='lat' dir='ltr'><strong>ut</strong></span> <span class='ocrx_word' id='word_1_6' title='bbox 1105 569 1378 667; x_wconf 86' lang='lat' dir='ltr'><strong>loquor,</strong></span> <span class='ocrx_word' id='word_1_7' title='bbox 1413 598 1597 643; x_wconf 89' lang='lat' dir='ltr'><strong>nunc</strong></span> <span class='ocrx_word' id='word_1_8' title='bbox 1633 572 1836 642; x_wconf 90' lang='lat' dir='ltr'><strong>modo</strong></span> <span class='ocrx_word' id='word_1_9' title='bbox 1879 574 2078 644; x_wconf 84' lang='lat' dir='ltr'><strong>docta</strong></span> <span class='ocrx_word' id='word_1_10' title='bbox 2120 574 2297 645; x_wconf 82' lang='lat' dir='ltr'><strong>dico.</strong></span> 
     </span>
    </p>

    <p class='ocr_par' dir='ltr' id='par_1_4' title="bbox 549 682 2348 777">
     <span class='ocr_line' id='line_1_4' title="bbox 549 682 2348 777; baseline 0 -23"><span class='ocrx_word' id='word_1_11' title='bbox 549 686 732 755; x_wconf 84' lang='lat' dir='ltr'><strong>Nam</strong></span> <span class='ocrx_word' id='word_1_12' title='bbox 769 708 890 753; x_wconf 89' lang='lat' dir='ltr'><strong>nos</strong></span> <span class='ocrx_word' id='word_1_13' title='bbox 928 706 1140 776; x_wconf 85' lang='lat' dir='ltr'><strong>usque</strong></span> <span class='ocrx_word' id='word_1_14' title='bbox 1175 682 1259 751; x_wconf 86' lang='lat' dir='ltr'><strong>ab</strong></span> <span class='ocrx_word' id='word_1_15' title='bbox 1297 706 1541 751; x_wconf 86' lang='lat' dir='ltr'><strong>aurora</strong></span> <span class='ocrx_word' id='word_1_16' title='bbox 1584 682 1669 752; x_wconf 91' lang='lat' dir='ltr'><strong>ad</strong></span> <span class='ocrx_word' id='word_1_17' title='bbox 1707 684 1837 752; x_wconf 90' lang='lat' dir='ltr'><strong>hoc</strong></span> <span class='ocrx_word' id='word_1_18' title='bbox 1873 684 2057 777; x_wconf 92' lang='lat' dir='ltr'><strong>quod</strong></span> <span class='ocrx_word' id='word_1_19' title='bbox 2090 684 2219 754; x_wconf 90' lang='lat' dir='ltr'><strong>diei</strong></span> <span class='ocrx_word' id='word_1_20' title='bbox 2234 684 2348 769; x_wconf 86' lang='lat' dir='ltr'><strong>’st,</strong></span> 
     </span>
    </p>

    <p class='ocr_par' dir='ltr' id='par_1_5' title="bbox 549 787 2218 885">
     <span class='ocr_line' id='line_1_5' title="bbox 549 787 2218 885; baseline -0.002 -20"><span class='ocrx_word' id='word_1_21' title='bbox 549 798 652 865; x_wconf 84' lang='lat' dir='ltr'><strong>Ex</strong></span> <span class='ocrx_word' id='word_1_22' title='bbox 690 791 1016 863; x_wconf 88' lang='lat' dir='ltr'><strong>industria</strong></span> <span class='ocrx_word' id='word_1_23' title='bbox 1054 787 1264 861; x_wconf 66' lang='lat' dir='ltr'><strong>amba&#39;e</strong></span> <span class='ocrx_word' id='word_1_24' title='bbox 1302 816 1651 885; x_wconf 85' lang='lat' dir='ltr'><strong>nunquam</strong></span> <span class='ocrx_word' id='word_1_25' title='bbox 1688 794 2218 863; x_wconf 86' lang='lat' dir='ltr'><strong>concessavimus</strong></span> 
     </span>
    </p>

    <p class='ocr_par' dir='ltr' id='par_1_6' title="bbox 549 903 2711 1112">
     <span class='ocr_line' id='line_1_6' title="bbox 551 903 2711 999; baseline -0.002 -22"><span class='ocrx_word' id='word_1_26' title='bbox 551 907 836 993; x_wconf 86' lang='lat' dir='ltr'><strong>Lavari,</strong></span> <span class='ocrx_word' id='word_1_27' title='bbox 879 919 998 975; x_wconf 85' lang='lat' dir='ltr'><strong>aut</strong></span> <span class='ocrx_word' id='word_1_28' title='bbox 1030 903 1285 989; x_wconf 82' lang='lat' dir='ltr'>fricari,</span> <span class='ocrx_word' id='word_1_29' title='bbox 1318 919 1436 972; x_wconf 87' lang='lat' dir='ltr'><strong>aut</strong></span> <span class='ocrx_word' id='word_1_30' title='bbox 1472 905 1765 999; x_wconf 87' lang='lat' dir='ltr'><strong>tergeri,</strong></span> <span class='ocrx_word' id='word_1_31' title='bbox 1802 920 1919 974; x_wconf 86' lang='lat' dir='ltr'><strong>aut</strong></span> <span class='ocrx_word' id='word_1_32' title='bbox 1956 905 2225 992; x_wconf 87' lang='lat' dir='ltr'><strong>ornari,</strong></span> <span class='ocrx_word' id='word_1_33' title='bbox 2656 932 2711 960; x_wconf 80' lang='lat' dir='ltr'><em>w</em></span> 
     </span>
     <span class='ocr_line' id='line_1_7' title="bbox 549 1013 1970 1112; baseline -0.002 -25"><span class='ocrx_word' id='word_1_34' title='bbox 549 1017 757 1089; x_wconf 87' lang='lat' dir='ltr'><strong>Poliri</strong></span> <span class='ocrx_word' id='word_1_35' title='bbox 780 1072 800 1104; x_wconf 88' lang='lat'>‚</span> <span class='ocrx_word' id='word_1_36' title='bbox 851 1013 1169 1112; x_wconf 85' lang='lat' dir='ltr'><strong>expoliri,</strong></span> <span class='ocrx_word' id='word_1_37' title='bbox 1211 1015 1431 1109; x_wconf 83' lang='lat' dir='ltr'>pingi,</span> <span class='ocrx_word' id='word_1_38' title='bbox 1466 1013 1635 1109; x_wconf 85' lang='lat' dir='ltr'><strong>fingi</strong></span> <span class='ocrx_word' id='word_1_39' title='bbox 1672 1040 1689 1084; x_wconf 75' lang='grc' dir='ltr'><strong><em>ε</em></strong></span> <span class='ocrx_word' id='word_1_40' title='bbox 1726 1030 1794 1083; x_wconf 87' lang='lat' dir='ltr'><strong>et</strong></span> <span class='ocrx_word' id='word_1_41' title='bbox 1831 1039 1970 1084; x_wconf 85' lang='lat' dir='ltr'><strong>una</strong></span> 
     </span>
    </p>

    <p class='ocr_par' dir='ltr' id='par_1_7' title="bbox 547 1124 2029 1222">
     <span class='ocr_line' id='line_1_8' title="bbox 547 1124 2029 1222; baseline -0.002 -26"><span class='ocrx_word' id='word_1_42' title='bbox 547 1129 734 1197; x_wconf 85' lang='lat' dir='ltr'><strong>Binae</strong></span> <span class='ocrx_word' id='word_1_43' title='bbox 771 1124 1054 1222; x_wconf 83' lang='lat' dir='ltr'><strong>singulis</strong></span> <span class='ocrx_word' id='word_1_44' title='bbox 1097 1148 1246 1218; x_wconf 83' lang='lat' dir='ltr'><strong>quae</strong></span> <span class='ocrx_word' id='word_1_45' title='bbox 1290 1124 1462 1193; x_wconf 83' lang='lat' dir='ltr'><strong>datae</strong></span> <span class='ocrx_word' id='word_1_46' title='bbox 1506 1124 1703 1195; x_wconf 88' lang='lat' dir='ltr'><strong>nobis</strong></span> <span class='ocrx_word' id='word_1_47' title='bbox 1742 1124 2029 1209; x_wconf 84' lang='lat' dir='ltr'><strong>ancillae‚</strong></span> 
     </span>
    </p>

    <p class='ocr_par' dir='ltr' id='par_1_8' title="bbox 547 1233 2286 1443">
     <span class='ocr_line' id='line_1_9' title="bbox 549 1233 2286 1331; baseline -0.001 -24"><span class='ocrx_word' id='word_1_48' title='bbox 549 1240 663 1308; x_wconf 82' lang='lat' dir='ltr'><strong>Eae</strong></span> <span class='ocrx_word' id='word_1_49' title='bbox 707 1260 830 1305; x_wconf 85' lang='lat' dir='ltr'><strong>nos</strong></span> <span class='ocrx_word' id='word_1_50' title='bbox 867 1234 1189 1322; x_wconf 82' lang='lat' dir='ltr'><strong>lavandO,</strong></span> <span class='ocrx_word' id='word_1_51' title='bbox 1224 1233 1549 1331; x_wconf 85' lang='lat' dir='ltr'><strong>eluend0‚</strong></span> <span class='ocrx_word' id='word_1_52' title='bbox 1590 1259 1863 1329; x_wconf 84' lang='lat' dir='ltr'><strong>operam</strong></span> <span class='ocrx_word' id='word_1_53' title='bbox 1911 1234 2286 1305; x_wconf 86' lang='lat' dir='ltr'><strong>dederunt:</strong></span> 
     </span>
     <span class='ocr_line' id='line_1_10' title="bbox 547 1344 2171 1443; baseline -0.001 -27"><span class='ocrx_word' id='word_1_54' title='bbox 547 1346 1089 1443; x_wconf 87' lang='lat' dir='ltr'><strong>Adgerundaque</strong></span> <span class='ocrx_word' id='word_1_55' title='bbox 1125 1368 1298 1438; x_wconf 86' lang='lat' dir='ltr'><strong>aqua</strong></span> <span class='ocrx_word' id='word_1_56' title='bbox 1343 1359 1501 1413; x_wconf 86' lang='lat' dir='ltr'><strong>sunt</strong></span> <span class='ocrx_word' id='word_1_57' title='bbox 1545 1346 1671 1413; x_wconf 83' lang='lat' dir='ltr'><strong>viri</strong></span> <span class='ocrx_word' id='word_1_58' title='bbox 1714 1345 1850 1415; x_wconf 89' lang='lat' dir='ltr'><strong>duo</strong></span> <span class='ocrx_word' id='word_1_59' title='bbox 1894 1344 2171 1415; x_wconf 59' lang='lat' dir='ltr'><strong>defessi!</strong></span> 
     </span>
    </p>

    <p class='ocr_par' dir='ltr' id='par_1_9' title="bbox 546 1452 2707 1652">
     <span class='ocr_line' id='line_1_11' title="bbox 547 1452 2707 1552; baseline -0.001 -25"><span class='ocrx_word' id='word_1_60' title='bbox 547 1460 816 1552; x_wconf 77' lang='lat' dir='ltr'><strong>Apage,</strong></span> <span class='ocrx_word' id='word_1_61' title='bbox 853 1458 977 1542; x_wconf 87' lang='lat' dir='ltr'><strong>sis,</strong></span> <span class='ocrx_word' id='word_1_62' title='bbox 1019 1456 1248 1549; x_wconf 83' lang='lat' dir='ltr'><strong>negoti</strong></span> <span class='ocrx_word' id='word_1_63' title='bbox 1286 1470 1613 1549; x_wconf 88' lang='lat' dir='ltr'><strong>quantum</strong></span> <span class='ocrx_word' id='word_1_64' title='bbox 1654 1457 1723 1525; x_wconf 92' lang='lat' dir='ltr'><strong>in</strong></span> <span class='ocrx_word' id='word_1_65' title='bbox 1766 1454 2049 1527; x_wconf 89' lang='lat' dir='ltr'><strong>muliere</strong></span> <span class='ocrx_word' id='word_1_66' title='bbox 2092 1481 2228 1526; x_wconf 87' lang='lat' dir='ltr'><strong>una</strong></span> <span class='ocrx_word' id='word_1_67' title='bbox 2264 1452 2399 1525; x_wconf 83' lang='lat' dir='ltr'><strong>est!</strong></span> <span class='ocrx_word' id='word_1_68' title='bbox 2656 1477 2707 1515; x_wconf 66' lang='grc' dir='ltr'><strong>ιε</strong></span> 
     </span>
     <span class='ocr_line' id='line_1_12' title="bbox 546 1566 1989 1652; baseline -0.003 -14"><span class='ocrx_word' id='word_1_69' title='bbox 546 1566 680 1638; x_wconf 87' lang='lat' dir='ltr'><strong>Sed</strong></span> <span class='ocrx_word' id='word_1_70' title='bbox 722 1592 880 1636; x_wconf 87' lang='lat' dir='ltr'><strong>vero</strong></span> <span class='ocrx_word' id='word_1_71' title='bbox 925 1566 1109 1651; x_wconf 84' lang='lat' dir='ltr'><strong>duae,</strong></span> <span class='ocrx_word' id='word_1_72' title='bbox 1155 1581 1256 1635; x_wconf 84' lang='lat' dir='ltr'><strong>sat</strong></span> <span class='ocrx_word' id='word_1_73' title='bbox 1293 1566 1470 1652; x_wconf 85' lang='lat' dir='ltr'><strong>scio,</strong></span> <span class='ocrx_word' id='word_1_74' title='bbox 1515 1590 1834 1635; x_wconf 83' lang='lat' dir='ltr'><strong>maxumo</strong></span> <span class='ocrx_word' id='word_1_75' title='bbox 1872 1568 1989 1635; x_wconf 90' lang='lat' dir='ltr'><strong>uni</strong></span> 
     </span>
    </p>

    <p class='ocr_par' dir='ltr' id='par_1_10' title="bbox 546 1674 2243 1771">
     <span class='ocr_line' id='line_1_13' title="bbox 546 1674 2243 1771; baseline 0 -25"><span class='ocrx_word' id='word_1_76' title='bbox 546 1676 808 1771; x_wconf 90' lang='lat' dir='ltr'><strong>Populo</strong></span> <span class='ocrx_word' id='word_1_77' title='bbox 845 1675 1197 1771; x_wconf 89' lang='lat' dir='ltr'><strong>quoilubet</strong></span> <span class='ocrx_word' id='word_1_78' title='bbox 1237 1674 1388 1768; x_wconf 86' lang='lat' dir='ltr'><strong>plus</strong></span> <span class='ocrx_word' id='word_1_79' title='bbox 1427 1677 1587 1743; x_wconf 87' lang='lat' dir='ltr'><strong>satis</strong></span> <span class='ocrx_word' id='word_1_80' title='bbox 1609 1675 1791 1743; x_wconf 77' lang='lat' dir='ltr'><strong>&#39;dare</strong></span> <span class='ocrx_word' id='word_1_81' title='bbox 1828 1676 2007 1771; x_wconf 87' lang='lat' dir='ltr'><strong>potis</strong></span> <span class='ocrx_word' id='word_1_82' title='bbox 2046 1692 2243 1745; x_wconf 90' lang='lat' dir='ltr'><strong>sunt:</strong></span> 
     </span>
    </p>

    <p class='ocr_par' dir='ltr' id='par_1_11' title="bbox 546 1784 2217 1879">
     <span class='ocr_line' id='line_1_14' title="bbox 546 1784 2217 1879; baseline -0.001 -24"><span class='ocrx_word' id='word_1_83' title='bbox 546 1788 720 1877; x_wconf 82' lang='lat' dir='ltr'><strong>Quae</strong></span> <span class='ocrx_word' id='word_1_84' title='bbox 763 1787 1018 1857; x_wconf 88' lang='lat' dir='ltr'><strong>nocteis</strong></span> <span class='ocrx_word' id='word_1_85' title='bbox 1063 1785 1339 1879; x_wconf 86' lang='lat' dir='ltr'><strong>diesque</strong></span> <span class='ocrx_word' id='word_1_86' title='bbox 1384 1786 1572 1854; x_wconf 88' lang='lat' dir='ltr'><strong>omni</strong></span> <span class='ocrx_word' id='word_1_87' title='bbox 1614 1784 1686 1853; x_wconf 88' lang='lat' dir='ltr'><strong>in</strong></span> <span class='ocrx_word' id='word_1_88' title='bbox 1720 1800 1917 1855; x_wconf 83' lang='lat' dir='ltr'><strong>aetate</strong></span> <span class='ocrx_word' id='word_1_89' title='bbox 1954 1809 2217 1879; x_wconf 80' lang='lat' dir='ltr'>semper</span> 
     </span>
    </p>

    <p class='ocr_par' dir='ltr' id='par_1_12' title="bbox 546 1893 2131 1992">
     <span class='ocr_line' id='line_1_15' title="bbox 546 1893 2131 1992; baseline -0.004 -24"><span class='ocrx_word' id='word_1_90' title='bbox 546 1901 924 1984; x_wconf 75' lang='lat' dir='ltr'><strong>ornantur,</strong></span> <span class='ocrx_word' id='word_1_91' title='bbox 971 1896 1300 1985; x_wconf 81' lang='lat' dir='ltr'><strong>lavantur,</strong></span> <span class='ocrx_word' id='word_1_92' title='bbox 1339 1910 1711 1992; x_wconf 80' lang='lat' dir='ltr'><strong>tergentur,</strong></span> <span class='ocrx_word' id='word_1_93' title='bbox 1760 1893 2131 1990; x_wconf 87' lang='lat' dir='ltr'><strong>poliuntur.</strong></span> 
     </span>
    </p>

    <p class='ocr_par' dir='ltr' id='par_1_13' title="bbox 545 2004 2705 2211">
     <span class='ocr_line' id='line_1_16' title="bbox 545 2004 2705 2092; baseline -0.002 -16"><span class='ocrx_word' id='word_1_94' title='bbox 545 2010 934 2092; x_wconf 86' lang='lat' dir='ltr'><strong>Postremo,</strong></span> <span class='ocrx_word' id='word_1_95' title='bbox 976 2005 1217 2074; x_wconf 88' lang='lat' dir='ltr'><strong>modus</strong></span> <span class='ocrx_word' id='word_1_96' title='bbox 1255 2004 1603 2075; x_wconf 88' lang='lat' dir='ltr'><strong>muliebris</strong></span> <span class='ocrx_word' id='word_1_97' title='bbox 1639 2006 1865 2075; x_wconf 88' lang='lat' dir='ltr'><strong>nullus</strong></span> <span class='ocrx_word' id='word_1_98' title='bbox 1900 2022 2035 2091; x_wconf 85' lang='lat' dir='ltr'><strong>est,</strong></span> <span class='ocrx_word' id='word_1_99' title='bbox 2654 2045 2705 2072; x_wconf 65' lang='grc' dir='ltr'><strong>,ο</strong></span> 
     </span>
     <span class='ocr_line' id='line_1_17' title="bbox 545 2104 2167 2211; baseline -0.002 -25"><span class='ocrx_word' id='word_1_100' title='bbox 545 2116 783 2211; x_wconf 86' lang='lat' dir='ltr'><strong>Neque</strong></span> <span class='ocrx_word' id='word_1_101' title='bbox 819 2138 1116 2209; x_wconf 89' lang='lat' dir='ltr'><strong>unquam</strong></span> <span class='ocrx_word' id='word_1_102' title='bbox 1151 2104 1438 2184; x_wconf 82' lang='lat' dir='ltr'><strong>lavando</strong></span> <span class='ocrx_word' id='word_1_103' title='bbox 1475 2130 1542 2184; x_wconf 88' lang='lat' dir='ltr'><strong>et</strong></span> <span class='ocrx_word' id='word_1_104' title='bbox 1579 2116 1882 2187; x_wconf 83' lang='lat' dir='ltr'><strong>fricando</strong></span> <span class='ocrx_word' id='word_1_105' title='bbox 1920 2117 2167 2185; x_wconf 85' lang='lat' dir='ltr'><strong>scimus</strong></span> 
     </span>
    </p>
   </div>
   <div class='ocr_carea' id='block_1_4' title="bbox 518 2271 1587 3537">
    <p class='ocr_par' dir='ltr' id='par_1_14' title="bbox 551 2271 1585 2417">
     <span class='ocr_line' id='line_1_18' title="bbox 632 2271 1585 2346; baseline 0 -19"><span class='ocrx_word' id='word_1_106' title='bbox 632 2294 687 2346; x_wconf 86' lang='lat'><strong>7.</strong></span> <span class='ocrx_word' id='word_1_107' title='bbox 708 2272 882 2326; x_wconf 76' lang='lat' dir='ltr'><strong>Modo.</strong></span> <span class='ocrx_word' id='word_1_108' title='bbox 895 2271 1175 2326; x_wconf 86' lang='lat' dir='ltr'><strong>Acidalius</strong></span> <span class='ocrx_word' id='word_1_109' title='bbox 1195 2272 1347 2338; x_wconf 77' lang='lat' dir='ltr'><strong>domi,</strong></span> <span class='ocrx_word' id='word_1_110' title='bbox 1364 2272 1585 2328; x_wconf 82' lang='lat' dir='ltr'><strong>melius.</strong></span> 
     </span>
     <span class='ocr_line' id='line_1_19' title="bbox 551 2352 1358 2417; baseline -0.006 -7"><span class='ocrx_word' id='word_1_111' title='bbox 551 2355 638 2411; x_wconf 83' lang='lat' dir='ltr'><strong>Cf.</strong></span> <span class='ocrx_word' id='word_1_112' title='bbox 664 2353 870 2407; x_wconf 83' lang='lat' dir='ltr'><strong>Cistell.</strong></span> <span class='ocrx_word' id='word_1_113' title='bbox 895 2353 979 2414; x_wconf 91' lang='lat'><strong>11,</strong></span> <span class='ocrx_word' id='word_1_114' title='bbox 1015 2375 1065 2417; x_wconf 84' lang='lat' dir='ltr'><strong>x,</strong></span> <span class='ocrx_word' id='word_1_115' title='bbox 1099 2372 1151 2405; x_wconf 78' lang='lat' dir='ltr'><strong>a.</strong></span> <span class='ocrx_word' id='word_1_116' title='bbox 1174 2352 1249 2405; x_wconf 79' lang='lat' dir='ltr'><strong>N.</strong></span> <span class='ocrx_word' id='word_1_117' title='bbox 1349 2379 1358 2387; x_wconf 95' lang='lat'><strong>·</strong></span> 
     </span>
    </p>

    <p class='ocr_par' dir='ltr' id='par_1_15' title="bbox 549 2429 1587 2569">
     <span class='ocr_line' id='line_1_20' title="bbox 637 2429 1587 2503; baseline -0.003 -15"><span class='ocrx_word' id='word_1_118' title='bbox 637 2433 806 2488; x_wconf 62' lang='lat' dir='ltr'><strong>&amp;Aa</strong></span> <span class='ocrx_word' id='word_1_119' title='bbox 835 2433 924 2485; x_wconf 78' lang='grc' dir='ltr'><strong><em>Ιιοσ</em></strong></span> <span class='ocrx_word' id='word_1_120' title='bbox 953 2432 1084 2503; x_wconf 81' lang='lat' dir='ltr'><strong>quod</strong></span> <span class='ocrx_word' id='word_1_121' title='bbox 1115 2432 1167 2486; x_wconf 77' lang='lat' dir='ltr'><strong>d.</strong></span> <span class='ocrx_word' id='word_1_122' title='bbox 1195 2431 1264 2485; x_wconf 85' lang='lat' dir='ltr'><strong>ad</strong></span> <span class='ocrx_word' id='word_1_123' title='bbox 1299 2433 1442 2486; x_wconf 84' lang='lat' dir='ltr'><strong>hanc</strong></span> <span class='ocrx_word' id='word_1_124' title='bbox 1475 2429 1587 2485; x_wconf 84' lang='lat' dir='ltr'><strong>diei</strong></span> 
     </span>
     <span class='ocr_line' id='line_1_21' title="bbox 549 2512 860 2569; baseline -0.013 0"><span class='ocrx_word' id='word_1_125' title='bbox 549 2515 756 2569; x_wconf 82' lang='lat' dir='ltr'><strong>horam.</strong></span> <span class='ocrx_word' id='word_1_126' title='bbox 789 2512 860 2565; x_wconf 84' lang='lat' dir='ltr'><strong>N.</strong></span> 
     </span>
    </p>

    <p class='ocr_par' dir='ltr' id='par_1_16' title="bbox 549 2592 1585 2727">
     <span class='ocr_line' id='line_1_22' title="bbox 633 2592 1585 2663; baseline -0.002 -17"><span class='ocrx_word' id='word_1_127' title='bbox 633 2612 688 2663; x_wconf 84' lang='lat'><strong>9.</strong></span> <span class='ocrx_word' id='word_1_128' title='bbox 726 2594 813 2645; x_wconf 71' lang='lat' dir='ltr'><strong>Es</strong></span> <span class='ocrx_word' id='word_1_129' title='bbox 849 2592 1126 2658; x_wconf 75' lang='lat' dir='ltr'><strong>industria,</strong></span> <span class='ocrx_word' id='word_1_130' title='bbox 1157 2592 1429 2657; x_wconf 82' lang='lat' dir='ltr'><strong>volentes,</strong></span> <span class='ocrx_word' id='word_1_131' title='bbox 1471 2592 1585 2644; x_wconf 89' lang='lat' dir='ltr'><strong>imo</strong></span> 
     </span>
     <span class='ocr_line' id='line_1_23' title="bbox 549 2671 1030 2727; baseline -0.006 0"><span class='ocrx_word' id='word_1_132' title='bbox 549 2673 756 2727; x_wconf 83' lang='lat' dir='ltr'><strong>intenta</strong></span> <span class='ocrx_word' id='word_1_133' title='bbox 787 2690 931 2725; x_wconf 82' lang='lat' dir='ltr'><strong>cura.</strong></span> <span class='ocrx_word' id='word_1_134' title='bbox 960 2671 1030 2724; x_wconf 90' lang='lat' dir='ltr'><strong>N.</strong></span> 
     </span>
    </p>

    <p class='ocr_par' dir='ltr' id='par_1_17' title="bbox 551 2749 1586 2982">
     <span class='ocr_line' id='line_1_24' title="bbox 640 2749 1585 2821; baseline -0.001 -15"><span class='ocrx_word' id='word_1_135' title='bbox 640 2769 663 2806; x_wconf 87' lang='lat'>1</span> <span class='ocrx_word' id='word_1_136' title='bbox 682 2770 730 2805; x_wconf 81' lang='grc' dir='ltr'><strong>ῐ.</strong></span> <span class='ocrx_word' id='word_1_137' title='bbox 759 2752 948 2812; x_wconf 72' lang='lat' dir='ltr'><strong>poliri,</strong></span> <span class='ocrx_word' id='word_1_138' title='bbox 985 2750 1209 2821; x_wconf 66' lang='lat' dir='ltr'><strong>expoliri.</strong></span> <span class='ocrx_word' id='word_1_139' title='bbox 1235 2749 1413 2803; x_wconf 88' lang='lat' dir='ltr'><strong>Lucil.</strong></span> <span class='ocrx_word' id='word_1_140' title='bbox 1445 2772 1467 2795; x_wconf 71' lang='grc' dir='ltr'>ι</span> <span class='ocrx_word' id='word_1_141' title='bbox 1489 2752 1585 2805; x_wconf 82' lang='lat' dir='ltr'><strong>Sa-</strong></span> 
     </span>
     <span class='ocr_line' id='line_1_25' title="bbox 551 2829 1586 2901; baseline -0.002 -16"><span class='ocrx_word' id='word_1_142' title='bbox 551 2830 676 2895; x_wconf 86' lang='lat' dir='ltr'><strong>dor,</strong></span> <span class='ocrx_word' id='word_1_143' title='bbox 695 2832 952 2892; x_wconf 69' lang='lat' dir='ltr'><strong>subeunt,</strong></span> <span class='ocrx_word' id='word_1_144' title='bbox 969 2829 1312 2901; x_wconf 83' lang='lat' dir='ltr'><strong>desquamor,</strong></span> <span class='ocrx_word' id='word_1_145' title='bbox 1333 2829 1586 2900; x_wconf 77' lang='lat' dir='ltr'><strong>punicor,</strong></span> 
     </span>
     <span class='ocr_line' id='line_1_26' title="bbox 552 2910 1295 2982; baseline -0.001 -18"><span class='ocrx_word' id='word_1_146' title='bbox 552 2929 741 2977; x_wconf 78' lang='lat' dir='ltr'><strong>eruor,</strong></span> <span class='ocrx_word' id='word_1_147' title='bbox 761 2910 1008 2982; x_wconf 88' lang='lat' dir='ltr'><strong>Expilor‚</strong></span> <span class='ocrx_word' id='word_1_148' title='bbox 1029 2910 1224 2982; x_wconf 83' lang='lat' dir='ltr'><strong>pingor</strong></span> <span class='ocrx_word' id='word_1_149' title='bbox 1245 2933 1295 2963; x_wconf 72' lang='grc' dir='ltr'><strong>ι.</strong></span> 
     </span>
    </p>

    <p class='ocr_par' dir='ltr' id='par_1_18' title="bbox 518 2988 1587 3537">
     <span class='ocr_line' id='line_1_27' title="bbox 642 2988 1586 3062; baseline -0.002 -17"><span class='ocrx_word' id='word_1_150' title='bbox 642 2998 730 3054; x_wconf 74' lang='grc'><strong>14.</strong></span> <span class='ocrx_word' id='word_1_151' title='bbox 753 2988 1156 3062; x_wconf 70' lang='lat' dir='ltr'><strong>Adgerundaqae</strong></span> <span class='ocrx_word' id='word_1_152' title='bbox 1177 3008 1331 3061; x_wconf 82' lang='lat' dir='ltr'><strong>aqua,</strong></span> <span class='ocrx_word' id='word_1_153' title='bbox 1355 2989 1586 3043; x_wconf 84' lang='lat' dir='ltr'><strong>etc.Viri</strong></span> 
     </span>
     <span class='ocr_line' id='line_1_28' title="bbox 553 3068 1586 3140; baseline 0 -17"><span class='ocrx_word' id='word_1_154' title='bbox 553 3069 634 3123; x_wconf 85' lang='lat' dir='ltr'><strong>illi</strong></span> <span class='ocrx_word' id='word_1_155' title='bbox 690 3070 785 3140; x_wconf 87' lang='lat' dir='ltr'><strong>qui</strong></span> <span class='ocrx_word' id='word_1_156' title='bbox 848 3069 1149 3123; x_wconf 77' lang='lat' dir='ltr'><strong>lavantibus</strong></span> <span class='ocrx_word' id='word_1_157' title='bbox 1209 3068 1586 3123; x_wconf 75' lang='lat' dir='ltr'><strong>meretricibus</strong></span> 
     </span>
     <span class='ocr_line' id='line_1_29' title="bbox 554 3140 1587 3222; baseline -0.002 -19"><span class='ocrx_word' id='word_1_158' title='bbox 554 3167 749 3222; x_wconf 77' lang='lat' dir='ltr'><strong>aquam</strong></span> <span class='ocrx_word' id='word_1_159' title='bbox 778 3150 1129 3221; x_wconf 77' lang='lat' dir='ltr'><strong>aggerebant,</strong></span> <span class='ocrx_word' id='word_1_160' title='bbox 1165 3140 1358 3201; x_wconf 79' lang='lat' dir='ltr'><strong>Latine</strong></span> <span class='ocrx_word' id='word_1_161' title='bbox 1390 3152 1587 3218; x_wconf 74' lang='lat' dir='ltr'><strong>aquarii</strong></span> 
     </span>
     <span class='ocr_line' id='line_1_30' title="bbox 554 3226 1587 3300; baseline 0 -17"><span class='ocrx_word' id='word_1_162' title='bbox 554 3229 642 3283; x_wconf 86' lang='lat' dir='ltr'><strong>vel</strong></span> <span class='ocrx_word' id='word_1_163' title='bbox 692 3229 940 3299; x_wconf 71' lang='lat' dir='ltr'><strong>aquarioli</strong></span> <span class='ocrx_word' id='word_1_164' title='bbox 990 3226 1384 3281; x_wconf 75' lang='lat' dir='ltr'><strong>vocitabantur.</strong></span> <span class='ocrx_word' id='word_1_165' title='bbox 1423 3230 1587 3300; x_wconf 83' lang='lat' dir='ltr'><strong>Spar-</strong></span> 
     </span>
     <span class='ocr_line' id='line_1_31' title="bbox 555 3307 1581 3380; baseline -0.001 -18"><span class='ocrx_word' id='word_1_166' title='bbox 555 3309 688 3363; x_wconf 80' lang='lat' dir='ltr'><strong>tian.</strong></span> <span class='ocrx_word' id='word_1_167' title='bbox 717 3308 772 3360; x_wconf 89' lang='lat' dir='ltr'><strong>in</strong></span> <span class='ocrx_word' id='word_1_168' title='bbox 801 3307 1104 3361; x_wconf 86' lang='lat' dir='ltr'><strong>Comment.</strong></span> <span class='ocrx_word' id='word_1_169' title='bbox 1137 3333 1160 3355; x_wconf 78' lang='grc' dir='ltr'>ι</span> <span class='ocrx_word' id='word_1_170' title='bbox 1183 3326 1376 3380; x_wconf 83' lang='lat' dir='ltr'><strong>aquam</strong></span> <span class='ocrx_word' id='word_1_171' title='bbox 1395 3309 1581 3379; x_wconf 75' lang='lat' dir='ltr'><strong>gessit,</strong></span> 
     </span>
     <span class='ocr_line' id='line_1_32' title="bbox 553 3386 1587 3459; baseline -0.002 -16"><span class='ocrx_word' id='word_1_172' title='bbox 553 3400 620 3443; x_wconf 81' lang='lat' dir='ltr'><strong>ut</strong></span> <span class='ocrx_word' id='word_1_173' title='bbox 650 3388 906 3441; x_wconf 84' lang='lat' dir='ltr'><strong>lenonum</strong></span> <span class='ocrx_word' id='word_1_174' title='bbox 939 3386 1218 3440; x_wconf 75' lang='lat' dir='ltr'><strong>minister·</strong></span> <span class='ocrx_word' id='word_1_175' title='bbox 1240 3426 1257 3451; x_wconf 91' lang='lat'><strong>,</strong></span> <span class='ocrx_word' id='word_1_176' title='bbox 1283 3387 1322 3439; x_wconf 88' lang='lat' dir='ltr'><strong>i.</strong></span> <span class='ocrx_word' id='word_1_177' title='bbox 1347 3406 1396 3441; x_wconf 91' lang='lat' dir='ltr'><strong>e.</strong></span> <span class='ocrx_word' id='word_1_178' title='bbox 1424 3406 1587 3459; x_wconf 87' lang='lat' dir='ltr'><strong>aqua·</strong></span> 
     </span>
     <span class='ocr_line' id='line_1_33' title="bbox 518 3466 1582 3537; baseline -0.002 -16"><span class='ocrx_word' id='word_1_179' title='bbox 518 3530 523 3535; x_wconf 24' lang='grc' dir='ltr'>Ι</span> <span class='ocrx_word' id='word_1_180' title='bbox 552 3468 668 3522; x_wconf 78' lang='lat' dir='ltr'><strong>rius</strong></span> <span class='ocrx_word' id='word_1_181' title='bbox 699 3467 817 3521; x_wconf 83' lang='lat' dir='ltr'><strong>fuit.</strong></span> <span class='ocrx_word' id='word_1_182' title='bbox 847 3467 1068 3520; x_wconf 77' lang='lat' dir='ltr'><strong>Festus:</strong></span> <span class='ocrx_word' id='word_1_183' title='bbox 1109 3466 1407 3537; x_wconf 68' lang='lat' dir='ltr'><strong>naquarioli</strong></span> <span class='ocrx_word' id='word_1_184' title='bbox 1437 3466 1582 3519; x_wconf 87' lang='lat' dir='ltr'><strong>dice-</strong></span> 
     </span>
    </p>
   </div>
   <div class='ocr_carea' id='block_1_5' title="bbox 553 3545 1670 3616">
    <p class='ocr_par' dir='ltr' id='par_1_19' title="bbox 553 3545 1670 3616">
     <span class='ocr_line' id='line_1_34' title="bbox 553 3545 1670 3616; baseline -0.002 -15"><span class='ocrx_word' id='word_1_185' title='bbox 553 3549 757 3601; x_wconf 82' lang='lat' dir='ltr'><strong>bantur</strong></span> <span class='ocrx_word' id='word_1_186' title='bbox 822 3547 1114 3599; x_wconf 87' lang='lat' dir='ltr'><strong>mulierum</strong></span> <span class='ocrx_word' id='word_1_187' title='bbox 1187 3545 1585 3616; x_wconf 85' lang='lat' dir='ltr'><strong>impudicarum</strong></span> <span class='ocrx_word' id='word_1_188' title='bbox 1662 3580 1670 3590; x_wconf 55' lang='grc' dir='ltr'><em>ι</em></span> 
     </span>
    </p>
   </div>
   <div class='ocr_carea' id='block_1_6' title="bbox 545 3624 1585 4253">
    <p class='ocr_par' dir='ltr' id='par_1_20' title="bbox 545 3624 1585 4253">
     <span class='ocr_line' id='line_1_35' title="bbox 555 3624 1585 3681; baseline -0.002 0"><span class='ocrx_word' id='word_1_189' title='bbox 555 3624 761 3681; x_wconf 75' lang='lat' dir='ltr'><strong>sordidi</strong></span> <span class='ocrx_word' id='word_1_190' title='bbox 789 3627 998 3679; x_wconf 81' lang='lat' dir='ltr'><strong>asseclae</strong></span> <span class='ocrx_word' id='word_1_191' title='bbox 1020 3650 1069 3677; x_wconf 74' lang='grc' dir='ltr'><strong>ι.</strong></span> <span class='ocrx_word' id='word_1_192' title='bbox 1095 3626 1396 3678; x_wconf 72' lang='lat' dir='ltr'><strong>Bucar-iones</strong></span> <span class='ocrx_word' id='word_1_193' title='bbox 1423 3627 1585 3679; x_wconf 84' lang='lat' dir='ltr'><strong>etiam</strong></span> 
     </span>
     <span class='ocr_line' id='line_1_36' title="bbox 550 3704 1582 3777; baseline 0.002 -20"><span class='ocrx_word' id='word_1_194' title='bbox 550 3705 806 3777; x_wconf 81' lang='lat' dir='ltr'><strong>appellati</strong></span> <span class='ocrx_word' id='word_1_195' title='bbox 863 3704 950 3758; x_wconf 84' lang='lat' dir='ltr'><strong>isti</strong></span> <span class='ocrx_word' id='word_1_196' title='bbox 995 3705 1301 3777; x_wconf 88' lang='lat' dir='ltr'><strong>aquarioli,</strong></span> <span class='ocrx_word' id='word_1_197' title='bbox 1347 3724 1378 3763; x_wconf 79' lang='lat' dir='ltr'><strong>a</strong></span> <span class='ocrx_word' id='word_1_198' title='bbox 1417 3706 1582 3759; x_wconf 85' lang='lat' dir='ltr'><strong>baca-</strong></span> 
     </span>
     <span class='ocr_line' id='line_1_37' title="bbox 553 3783 1583 3856; baseline -0.002 -17"><span class='ocrx_word' id='word_1_199' title='bbox 553 3784 711 3839; x_wconf 76' lang='lat' dir='ltr'><strong>tione</strong></span> <span class='ocrx_word' id='word_1_200' title='bbox 725 3822 744 3849; x_wconf 83' lang='lat'><strong>‚</strong></span> <span class='ocrx_word' id='word_1_201' title='bbox 778 3783 925 3855; x_wconf 89' lang='lat' dir='ltr'><strong>quod</strong></span> <span class='ocrx_word' id='word_1_202' title='bbox 949 3786 1083 3837; x_wconf 85' lang='lat' dir='ltr'><strong>vasis</strong></span> <span class='ocrx_word' id='word_1_203' title='bbox 1104 3798 1216 3839; x_wconf 86' lang='lat' dir='ltr'><strong>erat</strong></span> <span class='ocrx_word' id='word_1_204' title='bbox 1236 3804 1403 3856; x_wconf 84' lang='lat' dir='ltr'><strong>genus</strong></span> <span class='ocrx_word' id='word_1_205' title='bbox 1421 3803 1583 3855; x_wconf 79' lang='lat' dir='ltr'><strong>aqna·</strong></span> 
     </span>
     <span class='ocr_line' id='line_1_38' title="bbox 551 3864 1581 3934; baseline 0 -17"><span class='ocrx_word' id='word_1_206' title='bbox 551 3864 658 3926; x_wconf 81' lang='lat' dir='ltr'><strong>rii,</strong></span> <span class='ocrx_word' id='word_1_207' title='bbox 689 3864 932 3934; x_wconf 75' lang='lat' dir='ltr'><strong>longiore</strong></span> <span class='ocrx_word' id='word_1_208' title='bbox 960 3865 1278 3922; x_wconf 82' lang='lat' dir='ltr'><strong>manubrio:</strong></span> <span class='ocrx_word' id='word_1_209' title='bbox 1318 3891 1340 3913; x_wconf 70' lang='grc' dir='ltr'>ι</span> <span class='ocrx_word' id='word_1_210' title='bbox 1364 3865 1581 3918; x_wconf 85' lang='lat' dir='ltr'><strong>trullam</strong></span> 
     </span>
     <span class='ocr_line' id='line_1_39' title="bbox 552 3942 1581 4015; baseline -0.001 -18"><span class='ocrx_word' id='word_1_211' title='bbox 552 3942 776 4015; x_wconf 86' lang='lat' dir='ltr'><strong>quidam</strong></span> <span class='ocrx_word' id='word_1_212' title='bbox 805 3944 1150 4015; x_wconf 80' lang='lat' dir='ltr'><strong>appellabant</strong></span> <span class='ocrx_word' id='word_1_213' title='bbox 1169 3969 1194 3992; x_wconf 75' lang='grc' dir='ltr'><strong>ιι</strong></span> <span class='ocrx_word' id='word_1_214' title='bbox 1216 3978 1234 4007; x_wconf 87' lang='grc'><strong><em>,</em></strong></span> <span class='ocrx_word' id='word_1_215' title='bbox 1273 3945 1449 4014; x_wconf 85' lang='lat' dir='ltr'><strong>inquit</strong></span> <span class='ocrx_word' id='word_1_216' title='bbox 1479 3945 1581 3998; x_wconf 88' lang='lat' dir='ltr'><strong>Fe-</strong></span> 
     </span>
     <span class='ocr_line' id='line_1_40' title="bbox 551 4023 1579 4096; baseline -0.001 -18"><span class='ocrx_word' id='word_1_217' title='bbox 551 4035 682 4078; x_wconf 81' lang='lat' dir='ltr'><strong>stus.</strong></span> <span class='ocrx_word' id='word_1_218' title='bbox 717 4024 798 4075; x_wconf 85' lang='lat' dir='ltr'><strong>Eo</strong></span> <span class='ocrx_word' id='word_1_219' title='bbox 824 4041 1016 4096; x_wconf 83' lang='lat' dir='ltr'><strong>aquam</strong></span> <span class='ocrx_word' id='word_1_220' title='bbox 1047 4026 1105 4077; x_wconf 88' lang='lat' dir='ltr'><strong>in</strong></span> <span class='ocrx_word' id='word_1_221' title='bbox 1137 4024 1342 4081; x_wconf 77' lang='lat' dir='ltr'><strong>balneis</strong></span> <span class='ocrx_word' id='word_1_222' title='bbox 1365 4023 1579 4077; x_wconf 87' lang='lat' dir='ltr'><strong>haurie-</strong></span> 
     </span>
     <span class='ocr_line' id='line_1_41' title="bbox 547 4102 1579 4175; baseline 0 -18"><span class='ocrx_word' id='word_1_223' title='bbox 547 4103 686 4157; x_wconf 83' lang='lat' dir='ltr'><strong>bant</strong></span> <span class='ocrx_word' id='word_1_224' title='bbox 714 4102 1049 4170; x_wconf 84' lang='lat' dir='ltr'><strong>mediastini,</strong></span> <span class='ocrx_word' id='word_1_225' title='bbox 1086 4122 1249 4175; x_wconf 86' lang='lat' dir='ltr'><strong>quam</strong></span> <span class='ocrx_word' id='word_1_226' title='bbox 1297 4123 1459 4175; x_wconf 83' lang='lat' dir='ltr'><strong>super</strong></span> <span class='ocrx_word' id='word_1_227' title='bbox 1499 4105 1579 4157; x_wconf 85' lang='lat' dir='ltr'><strong>la·</strong></span> 
     </span>
     <span class='ocr_line' id='line_1_42' title="bbox 545 4182 1578 4253; baseline -0.002 -14"><span class='ocrx_word' id='word_1_228' title='bbox 545 4194 728 4239; x_wconf 77' lang='lat' dir='ltr'><strong>vantes</strong></span> <span class='ocrx_word' id='word_1_229' title='bbox 753 4186 1014 4253; x_wconf 79' lang='lat' dir='ltr'><strong>jactarent</strong></span> <span class='ocrx_word' id='word_1_230' title='bbox 1053 4195 1108 4238; x_wconf 91' lang='lat' dir='ltr'><strong>et</strong></span> <span class='ocrx_word' id='word_1_231' title='bbox 1146 4183 1466 4250; x_wconf 82' lang='lat' dir='ltr'><strong>funderent,</strong></span> <span class='ocrx_word' id='word_1_232' title='bbox 1507 4182 1578 4238; x_wconf 86' lang='lat' dir='ltr'><strong>ad</strong></span> 
     </span>
    </p>
   </div>
   <div class='ocr_carea' id='block_1_7' title="bbox 1668 2272 2707 4258">
    <p class='ocr_par' dir='ltr' id='par_1_21' title="bbox 1671 2272 2707 3065">
     <span class='ocr_line' id='line_1_43' title="bbox 1676 2272 2702 2345; baseline 0.001 -18"><span class='ocrx_word' id='word_1_233' title='bbox 1676 2294 1768 2328; x_wconf 82' lang='lat' dir='ltr'><strong>eos</strong></span> <span class='ocrx_word' id='word_1_234' title='bbox 1838 2272 2243 2345; x_wconf 82' lang='lat' dir='ltr'><strong>perfundendos</strong></span> <span class='ocrx_word' id='word_1_235' title='bbox 2305 2287 2358 2327; x_wconf 87' lang='lat' dir='ltr'><strong>et</strong></span> <span class='ocrx_word' id='word_1_236' title='bbox 2426 2273 2702 2328; x_wconf 84' lang='lat' dir='ltr'><strong>eluendos.</strong></span> 
     </span>
     <span class='ocr_line' id='line_1_44' title="bbox 1674 2352 2703 2426; baseline -0.001 -19"><span class='ocrx_word' id='word_1_237' title='bbox 1674 2354 1819 2407; x_wconf 88' lang='lat' dir='ltr'><strong>Hinc</strong></span> <span class='ocrx_word' id='word_1_238' title='bbox 1846 2354 2129 2407; x_wconf 78' lang='lat' dir='ltr'><strong>bacar-iones</strong></span> <span class='ocrx_word' id='word_1_239' title='bbox 2152 2354 2413 2426; x_wconf 85' lang='lat' dir='ltr'><strong>aquarioli</strong></span> <span class='ocrx_word' id='word_1_240' title='bbox 2436 2352 2588 2417; x_wconf 88' lang='lat' dir='ltr'><strong>dicti,</strong></span> <span class='ocrx_word' id='word_1_241' title='bbox 2608 2354 2703 2425; x_wconf 86' lang='lat' dir='ltr'><strong>qui</strong></span> 
     </span>
     <span class='ocr_line' id='line_1_45' title="bbox 1674 2432 2705 2506; baseline -0.002 -19"><span class='ocrx_word' id='word_1_242' title='bbox 1674 2434 1985 2506; x_wconf 82' lang='lat' dir='ltr'><strong>hujusmodi</strong></span> <span class='ocrx_word' id='word_1_243' title='bbox 2006 2453 2202 2487; x_wconf 85' lang='lat' dir='ltr'><strong>munus</strong></span> <span class='ocrx_word' id='word_1_244' title='bbox 2216 2435 2441 2487; x_wconf 86' lang='lat' dir='ltr'><strong>obibant</strong></span> <span class='ocrx_word' id='word_1_245' title='bbox 2461 2434 2517 2485; x_wconf 90' lang='lat' dir='ltr'><strong>in</strong></span> <span class='ocrx_word' id='word_1_246' title='bbox 2538 2432 2705 2486; x_wconf 91' lang='lat' dir='ltr'><strong>domo</strong></span> 
     </span>
     <span class='ocr_line' id='line_1_46' title="bbox 1674 2514 2704 2581; baseline -0.003 -13"><span class='ocrx_word' id='word_1_247' title='bbox 1674 2514 1915 2581; x_wconf 86' lang='lat' dir='ltr'><strong>lenonia,</strong></span> <span class='ocrx_word' id='word_1_248' title='bbox 1948 2528 2002 2568; x_wconf 86' lang='lat' dir='ltr'><strong>et</strong></span> <span class='ocrx_word' id='word_1_249' title='bbox 2022 2515 2323 2568; x_wconf 82' lang='lat' dir='ltr'><strong>lavantibus</strong></span> <span class='ocrx_word' id='word_1_250' title='bbox 2347 2514 2704 2567; x_wconf 86' lang='lat' dir='ltr'><strong>meretriculis</strong></span> 
     </span>
     <span class='ocr_line' id='line_1_47' title="bbox 1674 2592 2707 2664; baseline -0.002 -17"><span class='ocrx_word' id='word_1_251' title='bbox 1674 2594 2063 2648; x_wconf 82' lang='lat' dir='ltr'><strong>ministrabant.</strong></span> <span class='ocrx_word' id='word_1_252' title='bbox 2090 2592 2291 2647; x_wconf 81' lang='lat' dir='ltr'><strong>Glossae</strong></span> <span class='ocrx_word' id='word_1_253' title='bbox 2312 2612 2327 2646; x_wconf 74' lang='grc' dir='ltr'><strong><em>ε</em></strong></span> <span class='ocrx_word' id='word_1_254' title='bbox 2353 2593 2567 2658; x_wconf 75' lang='lat' dir='ltr'><strong>bacar-io,</strong></span> <span class='ocrx_word' id='word_1_255' title='bbox 2588 2614 2707 2664; x_wconf 79' lang='grc' dir='ltr'>πορ-</span> 
     </span>
     <span class='ocr_line' id='line_1_48' title="bbox 1674 2669 2703 2735; baseline -0.002 -8"><span class='ocrx_word' id='word_1_256' title='bbox 1674 2669 1977 2735; x_wconf 62' lang='grc' dir='ltr'><strong>νοδιάιιονος.</strong></span> <span class='ocrx_word' id='word_1_257' title='bbox 1997 2675 2106 2727; x_wconf 86' lang='lat' dir='ltr'><strong>Vas</strong></span> <span class='ocrx_word' id='word_1_258' title='bbox 2124 2674 2254 2727; x_wconf 87' lang='lat' dir='ltr'><strong>hnic</strong></span> <span class='ocrx_word' id='word_1_259' title='bbox 2281 2673 2617 2727; x_wconf 82' lang='lat' dir='ltr'><strong>rei-serviens</strong></span> <span class='ocrx_word' id='word_1_260' title='bbox 2644 2673 2703 2725; x_wconf 86' lang='lat' dir='ltr'><strong>in</strong></span> 
     </span>
     <span class='ocr_line' id='line_1_49' title="bbox 1672 2752 2705 2823; baseline -0.002 -17"><span class='ocrx_word' id='word_1_261' title='bbox 1672 2755 1905 2819; x_wconf 82' lang='lat' dir='ltr'><strong>balneis,</strong></span> <span class='ocrx_word' id='word_1_262' title='bbox 1953 2755 2192 2823; x_wconf 77' lang='grc' dir='ltr'><strong>ἀρύταινα</strong></span> <span class='ocrx_word' id='word_1_263' title='bbox 2227 2752 2413 2805; x_wconf 79' lang='lat' dir='ltr'><strong>Graece</strong></span> <span class='ocrx_word' id='word_1_264' title='bbox 2429 2791 2445 2817; x_wconf 86' lang='lat'>,</span> <span class='ocrx_word' id='word_1_265' title='bbox 2482 2766 2537 2807; x_wconf 84' lang='lat' dir='ltr'><strong>et</strong></span> <span class='ocrx_word' id='word_1_266' title='bbox 2586 2754 2705 2823; x_wconf 76' lang='grc' dir='ltr'>ἀρύ·</span> 
     </span>
     <span class='ocr_line' id='line_1_50' title="bbox 1674 2831 2700 2903; baseline -0.001 -17"><span class='ocrx_word' id='word_1_267' title='bbox 1674 2831 1854 2895; x_wconf 71' lang='grc' dir='ltr'>ὃσιλλος</span> <span class='ocrx_word' id='word_1_268' title='bbox 1902 2832 2208 2897; x_wconf 87' lang='lat' dir='ltr'><strong>dicebatur,</strong></span> <span class='ocrx_word' id='word_1_269' title='bbox 2245 2832 2345 2885; x_wconf 81' lang='grc' dir='ltr'><strong>ἀπὸ</strong></span> <span class='ocrx_word' id='word_1_270' title='bbox 2393 2839 2481 2885; x_wconf 80' lang='grc' dir='ltr'><strong>τοῦ</strong></span> <span class='ocrx_word' id='word_1_271' title='bbox 2540 2831 2700 2903; x_wconf 80' lang='grc' dir='ltr'><strong>ἆρὺειν</strong></span> 
     </span>
     <span class='ocr_line' id='line_1_51' title="bbox 1673 2909 2702 2983; baseline -0.001 -17"><span class='ocrx_word' id='word_1_272' title='bbox 1673 2913 1759 2966; x_wconf 79' lang='grc' dir='ltr'><strong>καὶ</strong></span> <span class='ocrx_word' id='word_1_273' title='bbox 1786 2914 1979 2978; x_wconf 69' lang='grc' dir='ltr'><strong>βάλλειν</strong></span> <span class='ocrx_word' id='word_1_274' title='bbox 2002 2909 2135 2983; x_wconf 67' lang='grc' dir='ltr'><strong>ὕδωρ</strong></span> <span class='ocrx_word' id='word_1_275' title='bbox 2151 2950 2168 2977; x_wconf 86' lang='grc'><em>,</em></span> <span class='ocrx_word' id='word_1_276' title='bbox 2200 2924 2262 2964; x_wconf 82' lang='lat' dir='ltr'><strong>ut</strong></span> <span class='ocrx_word' id='word_1_277' title='bbox 2284 2925 2459 2965; x_wconf 85' lang='lat' dir='ltr'><strong>censet</strong></span> <span class='ocrx_word' id='word_1_278' title='bbox 2480 2912 2702 2965; x_wconf 84' lang='lat' dir='ltr'><strong>Pollux:</strong></span> 
     </span>
     <span class='ocr_line' id='line_1_52' title="bbox 1671 2989 2707 3065; baseline -0.001 -18"><span class='ocrx_word' id='word_1_279' title='bbox 1671 2992 1799 3065; x_wconf 81' lang='lat' dir='ltr'><strong>inde</strong></span> <span class='ocrx_word' id='word_1_280' title='bbox 1813 3006 1867 3047; x_wconf 89' lang='lat' dir='ltr'><strong>et</strong></span> <span class='ocrx_word' id='word_1_281' title='bbox 1889 2989 2139 3058; x_wconf 69' lang='grc' dir='ltr'>βαλλάὸες</span> <span class='ocrx_word' id='word_1_282' title='bbox 2160 3005 2214 3044; x_wconf 88' lang='lat' dir='ltr'><strong>et</strong></span> <span class='ocrx_word' id='word_1_283' title='bbox 2228 2994 2509 3059; x_wconf 78' lang='grc' dir='ltr'><strong>βαλλὶωνες.</strong></span> <span class='ocrx_word' id='word_1_284' title='bbox 2530 2992 2707 3046; x_wconf 55' lang='lat' dir='ltr'><strong>Sam.</strong></span> 
     </span>
    </p>

    <p class='ocr_par' dir='ltr' id='par_1_22' title="bbox 1672 3072 2706 3524">
     <span class='ocr_line' id='line_1_53' title="bbox 1761 3072 2701 3145; baseline -0.004 -19"><span class='ocrx_word' id='word_1_285' title='bbox 1761 3092 1850 3145; x_wconf 86' lang='lat'><strong>17.</strong></span> <span class='ocrx_word' id='word_1_286' title='bbox 1881 3074 2022 3125; x_wconf 69' lang='lat' dir='ltr'><strong>Polis</strong></span> <span class='ocrx_word' id='word_1_287' title='bbox 2061 3084 2189 3124; x_wconf 77' lang='lat' dir='ltr'><strong>sunt.</strong></span> <span class='ocrx_word' id='word_1_288' title='bbox 2234 3072 2380 3143; x_wconf 87' lang='lat' dir='ltr'><strong>Lego</strong></span> <span class='ocrx_word' id='word_1_289' title='bbox 2420 3084 2701 3141; x_wconf 71' lang='lat' dir='ltr'><strong>potes-sunt,</strong></span> 
     </span>
     <span class='ocr_line' id='line_1_54' title="bbox 1672 3151 2701 3222; baseline -0.002 -18"><span class='ocrx_word' id='word_1_290' title='bbox 1672 3165 1734 3206; x_wconf 83' lang='lat' dir='ltr'><strong>ut</strong></span> <span class='ocrx_word' id='word_1_291' title='bbox 1752 3153 1959 3207; x_wconf 84' lang='lat' dir='ltr'><strong>Ennius</strong></span> <span class='ocrx_word' id='word_1_292' title='bbox 1976 3193 1991 3220; x_wconf 90' lang='lat'>,</span> <span class='ocrx_word' id='word_1_293' title='bbox 2025 3151 2215 3206; x_wconf 82' lang='lat' dir='ltr'><strong>Annal.</strong></span> <span class='ocrx_word' id='word_1_294' title='bbox 2244 3151 2435 3204; x_wconf 84' lang='lat' dir='ltr'><strong>XVII:</strong></span> <span class='ocrx_word' id='word_1_295' title='bbox 2460 3178 2483 3199; x_wconf 72' lang='grc' dir='ltr'>ι</span> <span class='ocrx_word' id='word_1_296' title='bbox 2503 3151 2701 3222; x_wconf 85' lang='lat' dir='ltr'><strong>Spero,</strong></span> 
     </span>
     <span class='ocr_line' id='line_1_55' title="bbox 1672 3229 2706 3303; baseline -0.003 -18"><span class='ocrx_word' id='word_1_297' title='bbox 1672 3232 1721 3285; x_wconf 75' lang='lat' dir='ltr'><strong>si</strong></span> <span class='ocrx_word' id='word_1_298' title='bbox 1750 3250 1933 3302; x_wconf 83' lang='lat' dir='ltr'><strong>speres</strong></span> <span class='ocrx_word' id='word_1_299' title='bbox 1974 3232 2267 3303; x_wconf 83' lang='lat' dir='ltr'><strong>quidquam</strong></span> <span class='ocrx_word' id='word_1_300' title='bbox 2307 3229 2563 3302; x_wconf 81' lang='lat' dir='ltr'><strong>prodesse</strong></span> <span class='ocrx_word' id='word_1_301' title='bbox 2602 3249 2706 3301; x_wconf 88' lang='lat' dir='ltr'><strong>po-</strong></span> 
     </span>
     <span class='ocr_line' id='line_1_56' title="bbox 1673 3313 2705 3381; baseline 0 -18"><span class='ocrx_word' id='word_1_302' title='bbox 1673 3324 1877 3365; x_wconf 85' lang='lat' dir='ltr'><strong>tessunt</strong></span> <span class='ocrx_word' id='word_1_303' title='bbox 1899 3338 1949 3363; x_wconf 75' lang='lat'><strong>»-</strong></span> <span class='ocrx_word' id='word_1_304' title='bbox 1973 3313 2113 3365; x_wconf 87' lang='lat' dir='ltr'><strong>Nam</strong></span> <span class='ocrx_word' id='word_1_305' title='bbox 2133 3323 2417 3381; x_wconf 77' lang='lat' dir='ltr'><strong>potessunt,</strong></span> <span class='ocrx_word' id='word_1_306' title='bbox 2452 3323 2575 3363; x_wconf 85' lang='lat' dir='ltr'><strong>sunt</strong></span> <span class='ocrx_word' id='word_1_307' title='bbox 2603 3329 2705 3380; x_wconf 89' lang='lat' dir='ltr'><strong>po-</strong></span> 
     </span>
     <span class='ocr_line' id='line_1_57' title="bbox 1672 3389 2704 3461; baseline -0.002 -18"><span class='ocrx_word' id='word_1_308' title='bbox 1672 3404 1771 3444; x_wconf 86' lang='lat' dir='ltr'><strong>tes.</strong></span> <span class='ocrx_word' id='word_1_309' title='bbox 1792 3392 2210 3444; x_wconf 49' lang='lat' dir='ltr'><strong>Mantuae—At</strong></span> <span class='ocrx_word' id='word_1_310' title='bbox 2221 3394 2353 3460; x_wconf 80' lang='lat' dir='ltr'><strong>potis</strong></span> <span class='ocrx_word' id='word_1_311' title='bbox 2370 3389 2704 3461; x_wconf 83' lang='lat' dir='ltr'><strong>grammatici</strong></span> 
     </span>
     <span class='ocr_line' id='line_1_58' title="bbox 1672 3467 2704 3524; baseline -0.002 -1"><span class='ocrx_word' id='word_1_312' title='bbox 1672 3468 1869 3523; x_wconf 87' lang='lat' dir='ltr'><strong>docent</strong></span> <span class='ocrx_word' id='word_1_313' title='bbox 1889 3469 1945 3522; x_wconf 89' lang='lat' dir='ltr'><strong>id</strong></span> <span class='ocrx_word' id='word_1_314' title='bbox 1969 3471 2129 3524; x_wconf 84' lang='lat' dir='ltr'><strong>fuisse</strong></span> <span class='ocrx_word' id='word_1_315' title='bbox 2151 3484 2205 3523; x_wconf 88' lang='lat' dir='ltr'><strong>et</strong></span> <span class='ocrx_word' id='word_1_316' title='bbox 2224 3467 2617 3523; x_wconf 79' lang='lat' dir='ltr'><strong>indeclinabile.</strong></span> <span class='ocrx_word' id='word_1_317' title='bbox 2630 3469 2704 3521; x_wconf 85' lang='lat' dir='ltr'><strong>N.</strong></span> 
     </span>
    </p>

    <p class='ocr_par' dir='ltr' id='par_1_23' title="bbox 1668 3548 2705 4258">
     <span class='ocr_line' id='line_1_59' title="bbox 1759 3548 2703 3619; baseline -0.005 -15"><span class='ocrx_word' id='word_1_318' title='bbox 1759 3570 1784 3604; x_wconf 74' lang='lat' dir='ltr'><strong>a</strong></span> <span class='ocrx_word' id='word_1_319' title='bbox 1801 3570 1848 3603; x_wconf 87' lang='lat'><strong>1.</strong></span> <span class='ocrx_word' id='word_1_320' title='bbox 1880 3550 2067 3603; x_wconf 76' lang='lat' dir='ltr'><strong>Scimus</strong></span> <span class='ocrx_word' id='word_1_321' title='bbox 2075 3552 2263 3618; x_wconf 79' lang='lat' dir='ltr'><strong>facere.</strong></span> <span class='ocrx_word' id='word_1_322' title='bbox 2291 3548 2487 3619; x_wconf 85' lang='lat' dir='ltr'><strong>Seripti</strong></span> <span class='ocrx_word' id='word_1_323' title='bbox 2515 3564 2703 3600; x_wconf 85' lang='lat' dir='ltr'><strong>omnes</strong></span> 
     </span>
     <span class='ocr_line' id='line_1_60' title="bbox 1671 3628 2705 3698; baseline -0.005 -16"><span class='ocrx_word' id='word_1_324' title='bbox 1671 3629 1798 3682; x_wconf 85' lang='lat' dir='ltr'><strong>libri</strong></span> <span class='ocrx_word' id='word_1_325' title='bbox 1822 3630 2022 3683; x_wconf 82' lang='lat' dir='ltr'><strong>habent</strong></span> <span class='ocrx_word' id='word_1_326' title='bbox 2043 3671 2059 3696; x_wconf 83' lang='lat'>‚</span> <span class='ocrx_word' id='word_1_327' title='bbox 2078 3632 2251 3698; x_wconf 80' lang='lat' dir='ltr'><strong>facere</strong></span> <span class='ocrx_word' id='word_1_328' title='bbox 2280 3631 2498 3691; x_wconf 77' lang='lat' dir='ltr'><strong>ennium,</strong></span> <span class='ocrx_word' id='word_1_329' title='bbox 2528 3628 2617 3680; x_wconf 70' lang='lat' dir='ltr'><strong>vel</strong></span> <span class='ocrx_word' id='word_1_330' title='bbox 2644 3646 2705 3678; x_wconf 79' lang='lat' dir='ltr'><strong>en</strong></span> 
     </span>
     <span class='ocr_line' id='line_1_61' title="bbox 1671 3706 2703 3781; baseline -0.001 -21"><span class='ocrx_word' id='word_1_331' title='bbox 1671 3714 1784 3761; x_wconf 87' lang='lat' dir='ltr'><strong>iam.</strong></span> <span class='ocrx_word' id='word_1_332' title='bbox 1814 3708 2035 3781; x_wconf 80' lang='lat' dir='ltr'><strong>Scripsit</strong></span> <span class='ocrx_word' id='word_1_333' title='bbox 2067 3710 2321 3780; x_wconf 83' lang='lat' dir='ltr'><strong>proximo</strong></span> <span class='ocrx_word' id='word_1_334' title='bbox 2363 3706 2703 3780; x_wconf 78' lang='lat' dir='ltr'><strong>praecedente</strong></span> 
     </span>
     <span class='ocr_line' id='line_1_62' title="bbox 1671 3786 2700 3843; baseline -0.002 -2"><span class='ocrx_word' id='word_1_335' title='bbox 1671 3807 1867 3841; x_wconf 86' lang='lat' dir='ltr'><strong>versu:</strong></span> <span class='ocrx_word' id='word_1_336' title='bbox 1919 3816 1942 3837; x_wconf 72' lang='grc' dir='ltr'>ι</span> <span class='ocrx_word' id='word_1_337' title='bbox 1964 3791 2245 3843; x_wconf 85' lang='lat' dir='ltr'><strong>Postremo</strong></span> <span class='ocrx_word' id='word_1_338' title='bbox 2278 3788 2471 3841; x_wconf 85' lang='lat' dir='ltr'><strong>modus</strong></span> <span class='ocrx_word' id='word_1_339' title='bbox 2504 3786 2700 3840; x_wconf 86' lang='lat' dir='ltr'><strong>mulie-</strong></span> 
     </span>
     <span class='ocr_line' id='line_1_63' title="bbox 1669 3868 2701 3940; baseline -0.004 -20"><span class='ocrx_word' id='word_1_340' title='bbox 1669 3868 1784 3921; x_wconf 85' lang='lat' dir='ltr'><strong>bris</strong></span> <span class='ocrx_word' id='word_1_341' title='bbox 1809 3869 1995 3921; x_wconf 87' lang='lat' dir='ltr'><strong>nullus</strong></span> <span class='ocrx_word' id='word_1_342' title='bbox 2016 3882 2095 3922; x_wconf 90' lang='lat' dir='ltr'><strong>est</strong></span> <span class='ocrx_word' id='word_1_343' title='bbox 2116 3895 2166 3922; x_wconf 73' lang='grc' dir='ltr'><strong>ι.</strong></span> <span class='ocrx_word' id='word_1_344' title='bbox 2202 3868 2459 3940; x_wconf 86' lang='lat' dir='ltr'><strong>Sequitur</strong></span> <span class='ocrx_word' id='word_1_345' title='bbox 2493 3888 2505 3918; x_wconf 75' lang='lat' dir='ltr'><em>z</em></span> <span class='ocrx_word' id='word_1_346' title='bbox 2556 3892 2579 3914; x_wconf 76' lang='grc' dir='ltr'>ι</span> <span class='ocrx_word' id='word_1_347' title='bbox 2606 3884 2701 3916; x_wconf 88' lang='lat' dir='ltr'><strong>ne-</strong></span> 
     </span>
     <span class='ocr_line' id='line_1_64' title="bbox 1670 3942 2703 4019; baseline -0.005 -18"><span class='ocrx_word' id='word_1_348' title='bbox 1670 3966 1777 4019; x_wconf 87' lang='lat' dir='ltr'><strong>que</strong></span> <span class='ocrx_word' id='word_1_349' title='bbox 1809 3966 2047 4019; x_wconf 85' lang='lat' dir='ltr'><strong>unquam</strong></span> <span class='ocrx_word' id='word_1_350' title='bbox 2085 3946 2315 4002; x_wconf 85' lang='lat' dir='ltr'><strong>lavando</strong></span> <span class='ocrx_word' id='word_1_351' title='bbox 2361 3960 2414 3999; x_wconf 85' lang='lat' dir='ltr'><strong>et</strong></span> <span class='ocrx_word' id='word_1_352' title='bbox 2457 3942 2703 3997; x_wconf 77' lang='lat' dir='ltr'><strong>fricando</strong></span> 
     </span>
     <span class='ocr_line' id='line_1_65' title="bbox 1672 4025 2701 4097; baseline -0.005 -17"><span class='ocrx_word' id='word_1_353' title='bbox 1672 4027 1870 4082; x_wconf 88' lang='lat' dir='ltr'><strong>scimus</strong></span> <span class='ocrx_word' id='word_1_354' title='bbox 1890 4029 2065 4081; x_wconf 85' lang='lat' dir='ltr'><strong>facere</strong></span> <span class='ocrx_word' id='word_1_355' title='bbox 2086 4029 2350 4081; x_wconf 74' lang='lat' dir='ltr'><strong>em.‘Nam</strong></span> <span class='ocrx_word' id='word_1_356' title='bbox 2376 4042 2496 4097; x_wconf 76' lang='lat' dir='ltr'><strong>quae</strong></span> <span class='ocrx_word' id='word_1_357' title='bbox 2525 4025 2701 4077; x_wconf 86' lang='lat' dir='ltr'><strong>elauta</strong></span> 
     </span>
     <span class='ocr_line' id='line_1_66' title="bbox 1670 4107 2701 4180; baseline -0.004 -21"><span class='ocrx_word' id='word_1_358' title='bbox 1670 4119 1749 4161; x_wconf 86' lang='lat' dir='ltr'><strong>est</strong></span> <span class='ocrx_word' id='word_1_359' title='bbox 1765 4132 1812 4160; x_wconf 70' lang='grc' dir='ltr'><strong>ι.</strong></span> <span class='ocrx_word' id='word_1_360' title='bbox 1842 4108 1954 4161; x_wconf 87' lang='lat' dir='ltr'><strong>Ubi</strong></span> <span class='ocrx_word' id='word_1_361' title='bbox 1981 4128 2055 4161; x_wconf 81' lang='lat' dir='ltr'><strong>em</strong></span> <span class='ocrx_word' id='word_1_362' title='bbox 2082 4107 2263 4180; x_wconf 85' lang='lat' dir='ltr'><strong>posuit</strong></span> <span class='ocrx_word' id='word_1_363' title='bbox 2304 4108 2552 4176; x_wconf 74' lang='grc' dir='ltr'>ἀρχαϊκῶς</span> <span class='ocrx_word' id='word_1_364' title='bbox 2595 4122 2701 4175; x_wconf 89' lang='lat' dir='ltr'><strong>pro</strong></span> 
     </span>
     <span class='ocr_line' id='line_1_67' title="bbox 1668 4182 2699 4258; baseline -0.006 -17"><span class='ocrx_word' id='word_1_365' title='bbox 1668 4204 1790 4241; x_wconf 88' lang='lat' dir='ltr'><strong>eum</strong></span> <span class='ocrx_word' id='word_1_366' title='bbox 1807 4226 1823 4253; x_wconf 86' lang='lat'><strong>,</strong></span> <span class='ocrx_word' id='word_1_367' title='bbox 1846 4198 1909 4241; x_wconf 86' lang='lat' dir='ltr'><strong>ut</strong></span> <span class='ocrx_word' id='word_1_368' title='bbox 1930 4187 2036 4240; x_wconf 79' lang='lat' dir='ltr'><strong>ibus</strong></span> <span class='ocrx_word' id='word_1_369' title='bbox 2062 4206 2164 4258; x_wconf 85' lang='lat' dir='ltr'><strong>pro</strong></span> <span class='ocrx_word' id='word_1_370' title='bbox 2192 4187 2270 4239; x_wconf 88' lang='lat' dir='ltr'><strong>iis.</strong></span> <span class='ocrx_word' id='word_1_371' title='bbox 2315 4208 2336 4230; x_wconf 75' lang='grc' dir='ltr'><strong>α</strong></span> <span class='ocrx_word' id='word_1_372' title='bbox 2364 4182 2560 4239; x_wconf 83' lang='lat' dir='ltr'><strong>Modus</strong></span> <span class='ocrx_word' id='word_1_373' title='bbox 2576 4223 2590 4249; x_wconf 89' lang='lat'><strong>,</strong></span> <span class='ocrx_word' id='word_1_374' title='bbox 2614 4184 2699 4235; x_wconf 81' lang='lat' dir='ltr'><strong>in·</strong></span> 
     </span>
    </p>
   </div>
  </div>
 </body>
</html>
