3067 5017
636 357 771 442 502
1276 365 2074 444 TRUCULENTUS
2102 415 2124 448 ,

634 493 799 569 sim,
826 487 933 558 De
956 485 1122 558 istoc
1150 484 1291 579 ipsa
1308 488 1463 571 ‚etsi
1490 502 1564 560 tu
1592 505 1810 560 taceas
1826 539 1848 572 ,
1868 494 2099 580 reapse
2123 497 2396 580 experta
2425 485 2768 581 intellego.

632 617 837 664 GALL.
875 595 1243 688 Nunquam
1281 611 1345 664 te
1389 597 1606 666 facere
1642 597 1843 666 hodie
1887 596 2120 690 quivi,
2165 609 2242 664 ut
2293 595 2350 664 is
2389 597 2539 689 quis
2585 610 2758 664 esset

926 702 1203 780 diceres.
1569 725 1572 728 ·
2247 707 2256 720 ’

634 836 787 897 ηε,
828 813 1081 900 Tacui;
1119 829 1189 882 at
1238 839 1420 886 nunc
1463 841 1604 886 non
1655 830 1881 902 taceo,
1923 813 2194 908 quando
2237 814 2462 902 adest,
2507 839 2772 888 necesse

910 937 1025 991 est
1066 923 1373 994 indicem.
2106 907 2118 915 ’

626 1055 777 1112 mn.
818 1032 1155 1126 Lapideus
1198 1059 1384 1122 sum,
1426 1037 1829 1110 eonmovere
1871 1023 2226 1118 memiser
2265 1057 2404 1102 non
2451 1033 2688 1104 audeo.

628 1146 761 1212 Res
781 1141 1000 1237 palam
1022 1143 1239 1211 omnis
1266 1159 1401 1212 est:
1434 1169 1586 1214 meo
1622 1144 1793 1214 illeic
1812 1169 1998 1218 nunc
2021 1144 2194 1242 fiunt
2222 1144 2424 1238 capiti
2455 1144 2724 1211 comitia
2747 1195 2772 1229 ,

626 1253 858 1335 Meum
912 1251 1073 1325 illuc
1114 1252 1411 1342 sacione,
1449 1279 1594 1326 mea
1631 1255 1912 1328 stultitia
1927 1255 2007 1328 ’st
2054 1282 2072 1325 ε
2119 1255 2321 1328 timeo
2359 1279 2566 1348 quam
2609 1277 2771 1322 mox

922 1386 1247 1434 nominer.
1439 1392 1448 1401 ,
2715 1384 2769 1428 45

623 1494 824 1547 osu..
862 1476 1211 1565 Loquere,
1242 1471 1449 1544 filiam
1486 1499 1704 1546 meam
1737 1476 1889 1569 quis
1926 1476 2256 1571 integram
2293 1472 2748 1568 stupraverit?

622 1605 789 1652 mc.
803 1581 1023 1652 Video
1039 1607 1167 1676 ego
1182 1596 1269 1667 te,
1288 1599 1562 1678 propter
1578 1583 1748 1654 mala
1766 1585 1936 1657 facta
1956 1588 2152 1679 quies
2170 1598 2489 1678 patronus
2503 1583 2764 1676 parieti.
2833 1615 2838 1622 ·

622 1711 771 1757 nm.
801 1690 1038 1782 Neque
1073 1692 1259 1758 vivos
1298 1717 1515 1787 neque
1553 1708 1857 1766 mortuus
1895 1720 2090 1767 sum:
2122 1719 2344 1789 neque
2381 1692 2543 1788 quid
2584 1717 2768 1760 nune

916 1797 1189 1886 faciam,
1230 1801 1387 1870 scio,
2369 1871 2374 1879 .

622 1909 861 2001 Neque
894 1923 987 1976 ut
1005 1908 1165 1976 hinc
1200 1911 1474 2000 abeam,
1523 1937 1744 2006 neque
1790 1928 1864 1984 ut
1907 1914 2096 1986 hunc
2139 1913 2404 2001 adeam,
2451 1913 2587 1982 seio
2622 1939 2638 1980 ε
2680 1913 2767 1979 ti-

915 2043 1103 2096 more
1144 2033 1399 2113 torpeo.
2715 2039 2774 2088 ὄρ

615 2151 825 2200 esu..
866 2127 1092 2198 Dicin’
1132 2155 1221 2198 an
1259 2130 1447 2200 non?
1482 2156 1641 2204 Aue.
1691 2132 2114 2218 Dinarchus;
2155 2133 2318 2226 quoi
2354 2130 2540 2201 illam
2580 2132 2770 2224 prius

911 2237 1468 2334 despoponderas.
1531 2293 1546 2305 ,

618 2369 815 2421 GALL.
871 2349 1011 2420 Ubi
1046 2351 1101 2417 is
1142 2350 1345 2418 hom'o
1386 2367 1513 2436 est,
1551 2378 1748 2445 quem
1787 2351 1993 2424 dieis?
2035 2377 2182 2424 Dm.
2224 2351 2524 2439 Adsum,
2561 2347 2767 2421 Calli-

916 2457 1047 2531 cles
1079 2486 1094 2528 :
1133 2486 1252 2554 per
1287 2475 1401 2532 tua
1439 2463 1718 2535 obsecro

622 2571 899 2656 Genua,
940 2586 1014 2639 ut
1048 2584 1121 2638 tu
1156 2572 1325 2640 istuc
1363 2572 1756 2665 insipienter
1791 2571 2042 2641 factum
2076 2573 2414 2667 sapienter
2438 2570 2650 2650 feraS,

619 2679 927 2772 Mihique
964 2680 1347 2775 ingnoscaS,
1378 2682 1560 2774 quod
1596 2683 1802 2753 animi
1837 2684 2030 2776 inpos
2071 2683 2210 2753 vini
2249 2682 2409 2751 vitio
2446 2680 2742 2752 fecerim.

620 2813 819 2859 GALL.
855 2793 1007 2888 Non
1052 2789 1272 2884 places
1308 2817 1323 2859 ε
1373 2792 1441 2860 in
1481 2808 1750 2862 mutum
1788 2793 2056 2887 culpam
2093 2792 2390 2880 confers,
2432 2792 2615 2886 quod
2653 2815 2766 2860 ne-

912 2899 1060 2992 quit
1100 2897 1304 2994 loqui.
1941 2945 1948 2950 ·
2712 2917 2770 2960 ⁵⁵

702 3086 797 3144 41.
825 3079 905 3130 De
932 3083 1069 3131 istoc.
1102 3078 1266 3132 Aliud
1293 3098 1453 3134 senex
1484 3078 1647 3145 dixit,
1735 3083 1904 3136 sentin
1923 3085 2028 3154 jam
2052 3095 2131 3135 est
2151 3082 2452 3153 prasentia,
2475 3093 2627 3139 antes
2652 3099 2766 3134 non

616 3159 762 3236 aliud
785 3158 1035 3230 intelligit
1058 3171 1150 3212 aut
1172 3178 1229 3212 se
1255 3159 1554 3230 intelligere
1579 3160 1649 3214 si·
1737 3159 2036 3215 videbatur.
2059 3159 2565 3216 Amn.——Menaech.
2591 3161 2644 3224 1,
2681 3177 2732 3210 2.

619 3239 791 3292 mulat
814 3239 1037 3304 ancilla;
1066 3239 1159 3290 ille
1180 3237 1397 3309 quidem
1425 3241 1650 3305 futuras,
1822 3241 1916 3306 45.
1949 3240 2178 3294 Comitia.
2207 3239 2336 3294 Vid.
2371 3239 2617 3296 Pseudol.
2661 3239 2770 3303 lv,

619 3320 735 3373 haec
760 3319 1053 3388 persolutas
1068 3319 1179 3391 jam
1208 3337 1407 3388 poenas.
1435 3320 1504 3372 N.
1740 3339 1794 3390 7,
1835 3323 1962 3374 131.

618 3410 645 3422 ““
701 3405 795 3462 4²·
834 3399 904 3448 Te
918 3399 1109 3464 facere.
1145 3397 1516 3451 Hellenismus.
1563 3397 1647 3451 Cf.
1822 3403 1912 3462 48.
1941 3401 2100 3452 Video
2121 3420 2214 3470 ego
2245 3412 2306 3452 te.
2334 3399 2462 3451 Haee
2484 3397 2552 3451 ad
2575 3397 2766 3450 Dinar-

622 3479 823 3550 Amph.
848 3479 906 3542 1,
938 3497 989 3541 1,
1021 3485 1163 3542 ²4²3
1192 3479 1341 3530 Asin.
1364 3479 1411 3542 Ι,
1443 3497 1489 3542 ι,
1518 3479 1608 3530 13.
1737 3478 1896 3530 chum
1919 3519 1933 3544 ,
1963 3499 2122 3550 quem
2153 3478 2396 3532 nondum
2422 3497 2582 3530 senex
2602 3474 2764 3527 videt.

705 3560 799 3622 43.
826 3557 1039 3627 Qmmdo
1062 3557 1217 3608 adest.
1237 3559 1449 3628 Nempe
1477 3555 1652 3609 adole·
1739 3587 1820 3597 ——·
1841 3560 2088 3611 Patronus
2108 3562 2305 3629 parieti.
2333 3556 2652 3609 Adolescens
2677 3571 2770 3625 pa-

618 3650 851 3690 scentem
892 3637 1087 3708 procul
1135 3637 1519 3692 auscultantem
1561 3635 1652 3690 ad-
1737 3638 1858 3692 rieti
1903 3658 1957 3691 se
1994 3639 2327 3710 applicabat,
2365 3637 2516 3708 quasi
2559 3635 2771 3697 latitare

616 3717 810 3790 spexit.
1739 3717 1920 3780 vellen
1969 3719 2152 3788 itaque
2197 3716 2502 3798 joculatrici
2554 3712 2764 3767 videtur

700 3802 796 3862 44.
830 3795 949 3850 Non
975 3794 1147 3856 audeo.
1166 3795 1365 3848 Audet-e
1379 3813 1479 3866 pro
1496 3796 1649 3862 velle,
1734 3796 1826 3848 ille
1850 3798 2108 3866 parietem
2137 3797 2294 3850 tueri.
2317 3797 2383 3848 N.

524 3917 531 3920 .
614 3875 745 3928 item
775 3895 919 3945 posse
936 3915 951 3940 ‚
999 3892 1138 3927 nove
1166 3873 1367 3930 dictum
1394 3895 1409 3926 ε
1436 3893 1562 3928 nam
1590 3877 1648 3930 in
1821 3877 1914 3930 52.
1944 3877 2046 3928 Per
2085 3890 2168 3930 tua
2203 3877 2414 3928 obsecro.
2445 3875 2511 3926 In
2535 3874 2768 3944 genibus.

614 3955 889 4008 communi
919 3954 1215 4024 significatu
1260 3955 1381 4026 capi
1418 3954 1507 4006 hic
1534 3975 1648 4008 non
1735 3955 1885 4008 sedes
1919 3955 2298 4026 misericordiae
2341 3967 2456 4006 est:
2483 3967 2642 4026 atque
2670 3970 2770 4015 ea„

612 4052 801 4104 posse,
832 4045 1147 4105 argumento
1182 4046 1260 4086 est
1289 4032 1458 4099 illud,
1493 4035 1644 4104 Lapi—
1733 4037 1826 4107 qui
1870 4035 2184 4106 suppliciter
2231 4035 2612 4106 precabantur,
2647 4049 2765 4085 am·-

614 4113 729 4165 deus
771 4133 871 4164 sum
888 4135 908 4174 ,·
936 4125 989 4164 et
1032 4114 1159 4183 quia
1203 4113 1455 4176 Dinarchi
1503 4133 1644 4186 pra·
1729 4116 1892 4186 plecti
1923 4115 2180 4170 solebant.
2201 4115 2389 4170 Tun.
