3067 5017
880 449 1217 521 ACTUS
1266 457 1405 541 1v,
1454 459 1798 532 SCENA
1850 461 1982 532 v1.
2187 429 2193 438 ’
2343 459 2477 534 183

326 597 474 644 sm.
512 573 702 663 Quid
738 571 877 642 ait?
906 573 1073 665 quid
1111 579 1391 648 narrat?
1422 604 1683 673 quaes0‚
1720 580 1882 674 quid
1921 580 2088 651 dicit
2119 581 2286 651 tibi?

330 707 533 754 mu„
576 687 807 779 Nugas
844 683 1124 773 theatri,
1161 688 1369 758 verba
1399 715 1547 784 quae
1581 691 1650 764 in
1686 691 2032 765 comoediis

331 793 563 863 Solent
600 793 826 862 lenoni
871 793 1045 878 dici,
1091 820 1239 889 quae
1270 799 1469 893 'pueri
1516 802 1779 871 sciunt:

330 901 593 973 Malum
628 918 697 972 et
732 901 1081 978 scelestum
1130 923 1194 976 et
1235 911 1583 1004 perjurum
1622 913 1804 982 aibat
1841 937 1982 985 esse
2013 939 2145 983 me.

332 1037 479 1083 suu.
522 1013 682 1096 Pol,
721 1014 903 1083 haud
939 1017 1329 1088 mentitu’st.
1359 1045 1565 1091 ΒΑΜ..
1603 1023 1786 1115 Ergo
1815 1021 1994 1092 haud
2027 1024 2240 1092 iratus
2270 1023 2406 1110 fui,

331 1125 509 1194 Nam
540 1126 777 1220 quanti
822 1124 1026 1196 refert
1062 1141 1128 1196 te
1170 1152 1293 1198 nec
1332 1145 1513 1200 recte
1551 1129 1810 1216 dicere,

330 1236 475 1322 Qui
521 1233 715 1303 nihili
753 1233 994 1322 faciat,
1031 1238 1282 1331 quique
1320 1216 1570 1308 infitias
1615 1263 1754 1308 non
1792 1239 1938 1310 eat?

329 1369 481 1415 sm.
512 1345 700 1436 Quid
726 1360 826 1429 est
853 1346 1039 1440 quod
1073 1373 1212 1417 non
1242 1365 1499 1420 metuas
1526 1349 1614 1418 ab
1643 1348 1857 1420 eo?id
1881 1346 2121 1418 audire⁴
2140 1364 2403 1444 expeto·
2437 1367 2486 1406 ²⁵

330 1479 531 1526 ΒΑΗ..
564 1456 743 1544 Quia
784 1481 1133 1552 nunquam
1168 1459 1253 1536 ab
1292 1485 1401 1530 me
1438 1459 1730 1530 abducet
1758 1459 2110 1532 mulierem
2149 1457 2330 1555 jam,
2363 1484 2486 1528 nec

626 1580 867 1660 potest.

330 1676 789 1772 Meministine
839 1677 960 1745 tibi
1000 1702 1109 1746 me
1146 1677 1401 1750 dudum
1442 1677 1698 1766 dicere,

330 1791 497 1858 Eam
534 1787 793 1856 venisse
828 1786 1025 1858 militi
1062 1789 1516 1861 Macedonio?

335 1922 489 1968 sur.
526 1898 833 1968 Memini.
873 1923 1069 1970 ΒΑΗ..
1114 1904 1287 1970 Hem
1330 1898 1509 1968 illius
1549 1922 1772 1969 servos
1809 1898 1946 1968 huc
1979 1897 2066 1968 ad
2105 1923 2212 1966 me
2247 1922 2489 1994 argen-

628 2023 773 2078 tum
816 2009 1091 2097 adtulit,
1272 2085 1281 2096 ,

331 2123 425 2189 Et
455 2118 885 2213 obsignatum
924 2119 1327 2214 symbolum.
1379 2144 1522 2190 sm.
1568 2119 1753 2208 Quid
1799 2118 2081 2212 postea?
2436 2139 2492 2180 ³··

333 2252 535 2299 ΒΑΜ..
576 2230 715 2318 Qui
758 2231 935 2298 inter
977 2255 1083 2299 me
1120 2246 1325 2327 atque
1362 2228 1556 2301 illum
1592 2229 1875 2300 militem
1913 2245 2363 2303 convenerat:

335 2344 403 2412 Is
441 2365 669 2410 secum
709 2340 992 2410 abduxit
1028 2342 1378 2411 mulierem
1412 2340 1597 2411 haud
1631 2339 1847 2413 multo
1887 2342 2096 2436 priuS.

333 2473 479 2520 sm.
521 2449 775 2520 Bonan’
810 2450 943 2518 fide
978 2452 1151 2521 istuc
1191 2452 1355 2522 dicis
1384 2449 1638 2524 PBALL.
1675 2450 1874 2521 Unde
1910 2475 1988 2520 ea
2028 2453 2112 2520 sit
2147 2451 2355 2522 mihi?

333 2583 482 2628 stM.
531 2559 709 2629 Vide
741 2560 1060 2632 modone
1096 2561 1233 2631 illic
1272 2563 1359 2631 sit
1392 2561 1884 2633 contechnatus
1921 2559 2295 2656 quidpiam.

335 2693 537 2740 ΒΑΗ..
568 2669 871 2765 Epistola
907 2687 1111 2766 atque
1148 2673 1371 2767 imago
1410 2697 1519 2740 me
1565 2686 1824 2739 certum
1860 2670 2042 2738 facit.
2151 2674 2157 2689 ’
2441 2692 2496 2732 35

342 2782 534 2868 Quin
552 2780 687 2875 jam
710 2781 981 2875 quidem
1002 2781 1185 2852 illam
1206 2784 1277 2851 in
1304 2784 1658 2879 Sicyonem
1676 2807 1758 2850 ex
1778 2781 1944 2852 urbe
1962 2779 2241 2848 abduxit
2262 2780 2492 2850 modo,

338 2915 484 2960 sm.
530 2895 707 2960 Bene
729 2946 749 2975 ‚
776 2892 1029 2990 hercle,
1058 2893 1307 2962 factum
1340 2919 1356 2962 τ
1392 2893 1557 2988 quid
1584 2918 1710 2987 ego
1741 2917 1925 2962 cesso
1962 2888 2370 2961 Pseudolum

338 3005 621 3088 Facere,
656 3017 733 3070 ut
772 3000 887 3070 det
922 3029 1173 3072 nomen
1212 3004 1297 3072 ad
1342 3002 1673 3072 molarum
1721 3001 2108 3072 coloniam?

336 3113 470 3181 Sed
483 3114 632 3207 quis
651 3113 761 3181 hic
784 3113 989 3183 homo
1006 3129 1105 3184 est
1120 3114 1622 3210 chlamydatus?
1637 3139 1837 3183 ΒΑΜ..
1858 3117 2038 3199 Non,
2054 3109 2318 3205 edepol,
2338 3113 2498 3196 scio,

336 3221 486 3294 Nisi
522 3239 599 3294 ut
633 3224 1065 3296 observemus
1108 3252 1247 3320 quo
1286 3240 1429 3314 eat,
1456 3242 1587 3298 ,aut
1624 3250 1828 3320 quam
1874 3248 2016 3292 rem
2051 3238 2264 3316 gerat.
2445 3247 2497 3290 40

426 3373 524 3410 τη.
542 3355 823 3426 Perjurum.
844 3355 964 3409 Mil.
984 3357 1042 3421 I,
1070 3375 1119 3422 1,
1146 3375 1239 3412 21.
1546 3356 1639 3427 37.
1679 3355 1840 3420 Bene,
1885 3355 2069 3414 hercle,
2107 3355 2335 3420 factum,
2384 3367 2494 3406 non

424 3435 517 3489 23.
537 3434 646 3489 Nec
671 3451 797 3488 recte
821 3437 996 3490 dicere.
1028 3436 1189 3491 Conf.
1222 3435 1371 3491 Asin.
1458 3435 1727 3488 laudantis
1748 3447 1824 3488 est
1839 3473 1855 3502 ,
1877 3433 1968 3488 sed
1994 3433 2223 3488 laetautis
2247 3435 2495 3486 formula.

339 3516 401 3582 1,
432 3513 497 3580 3,
531 3513 584 3569 3¹.
1461 3515 1760 3580 Poenul.V,
1789 3515 1850 3574 5,
1883 3521 1976 3586 47.

425 3602 515 3659 24.
556 3597 659 3666 Qui
690 3596 832 3647 nihili
849 3595 1034 3664 faciat.
1070 3597 1207 3650 Nam
1242 3595 1375 3668 quid
1547 3595 1638 3649 38.
1658 3595 1748 3648 Ad
1759 3595 1990 3647 molarum
2009 3594 2262 3645 coloniam.
2285 3589 2500 3646 Alludit

339 3675 506 3728 refert
530 3674 669 3727 male
700 3673 812 3728 dici
842 3677 892 3728 ei
919 3678 1013 3746 qui
1043 3679 1181 3729 mala
1209 3677 1375 3730 verba
1464 3673 1531 3728 ad
1553 3693 1760 3728 morem
1781 3677 1936 3727 Rom.
1956 3691 2096 3745 quo,
2118 3673 2210 3743 qui
2236 3670 2500 3726 educendi

340 3774 451 3807 non
478 3768 629 3808 curet
647 3795 662 3820 ,
688 3768 741 3808 et
766 3755 1053 3826 agnoscat?
1228 3771 1233 3776 ·
1465 3767 1620 3807 erant
1650 3755 1704 3807 in
1734 3754 1965 3825 aliquam
1991 3753 2280 3817 coloniam,
2303 3753 2359 3804 in
2383 3771 2500 3806 eam

426 3834 519 3888 31.
550 3835 653 3904 Qui
684 3838 810 3886 inter
838 3855 941 3899 me,
973 3847 1073 3889 etc.
1116 3835 1202 3888 Ad
1233 3855 1376 3906 sym·
1464 3851 1666 3886 nomen
1696 3832 1914 3887 dabant.
1950 3834 2038 3885 Sic
2066 3833 2279 3885 Asinar.
2309 3831 2398 3898 11,
2425 3851 2452 3885 α
2480 3851 2493 3886 :

342 3915 529 3966 bolum
554 3915 836 3967 referatur.
863 3916 1007 3968 Enn.
1473 3940 1495 3961 ι
1524 3913 1574 3965 Ο
1598 3926 1900 3968 catenarum
1924 3911 2140 3965 colone!
2165 3938 2187 3959 ι
2212 3913 2280 3969 Et
2297 3913 2502 3966 colonia

427 3993 519 4048 32.
568 3995 728 4045 Haud
779 3995 930 4047 multo
985 3998 1158 4064 prim,
1213 4011 1376 4066 quam
1463 4010 1666 4046 nomen
1707 3994 1900 4064 passim
1934 3992 1991 4045 in
2017 4004 2238 4056 nostro,
2269 4005 2321 4044 et
2351 3991 2498 4063 apud

343 4092 489 4126 nunc
517 4086 570 4126 te
598 4073 893 4145 adloquor!
1468 4073 1666 4138 Jctos,
1715 4091 1815 4144 pro
1857 4073 2042 4144 quavis
2089 4073 2249 4126 etiam
2295 4072 2504 4125 habita-

430 4155 525 4206 33.
551 4153 690 4205 Unde
712 4175 792 4218 ea,
810 4157 951 4207 bona
975 4153 1139 4220 fides,
1158 4152 1384 4207 lenoni?
1468 4153 1616 4205 tione
1633 4167 1687 4206 et
1708 4151 2071 4206 conductione
2094 4153 2271 4205 coloni
2293 4171 2384 4205 seu
2407 4149 2502 4204 do-

430 4231 526 4296 34.
549 4234 664 4286 mic
689 4233 1005 4290 Pseudolus.
1470 4231 1660 4285 micilii
1688 4234 1934 4288 sumitur.
1955 4235 2045 4288 Sc.
2060 4233 2301 4287 Gan-ru„
