3067 5017
789 419 1126 490 ACTUS
1176 419 1287 505 11,
1340 417 1693 490 semu
1740 419 1894 488 111.
2272 415 2415 516 567

274 568 412 620 non
448 540 623 613 licet.
659 562 809 614 sYc.
851 542 922 610 Si
959 542 1148 611 vobis
1184 541 1278 612 ita
1316 541 1607 630 videtur,
1648 540 1909 637 placeat
1940 555 2020 612 ut
2042 565 2169 639 ego
2200 541 2445 612 homi-‘

272 679 430 724 nem
459 652 788 740 scisciter‚
821 666 1026 746 atque
1051 668 1128 722 ut
1161 652 1390 724 omnia
1416 653 1807 748 perquiram
1834 678 1972 728 non
2010 679 2149 724 uno
2176 652 2415 724 modo:

272 767 332 836 si
361 764 529 834 mihi
568 760 680 833 ille
717 762 802 835 de
832 763 1148 836 omnibus
1179 763 1587 857 respondere
1621 764 1919 858 potuerit
1948 816 1968 849 ‚
2008 764 2229 834 sciatis
2249 787 2417 844 ‘vere

269 876 456 946 hunc
506 899 644 946 esse
693 874 1002 944 divinum
1059 873 1164 944 vel
1229 900 1522 970 magum.
1588 897 1795 946 sano.
1844 875 2091 946 Dixisti
2140 875 2417 969 optime.

141 977 147 983 ’
267 985 400 1056 Sed
421 1010 654 1055 eccum
678 985 820 1080 ipse
844 984 974 1055 hac
992 987 1286 1080 proeterit
1313 988 1446 1064 :ita
1467 1000 1545 1056 ut
1565 983 1749 1058 volui
1790 985 2081 1080 contigit
2103 1009 2122 1055 ε
2158 999 2420 1080 quanta-

267 1097 341 1166 in
373 1097 676 1191 ingressu
711 1097 1041 1190 gra,vitaS‚
1079 1111 1332 1192 quanta
1359 1098 1431 1168 in
1468 1096 1665 1168 vultu
1700 1093 2025 1192 dignitas!
2047 1120 2257 1180 QUER.
2282 1095 2419 1170 Ad·

265 1207 652 1302 grediamur
685 1207 1069 1297 hominem,
1105 1224 1308 1304 atque
1342 1233 1384 1292 a
1425 1207 1701 1304 publico
1746 1230 2171 1295 sevocemuS‚
2206 1219 2286 1278 ut
2318 1230 2421 1280 se·-

265 1331 462 1400 creto
497 1315 803 1388 disserat.

807 1539 1244 1630 SCENA
1320 1467 1919 1682 TERTIAJ

329 1771 830 1861 QUEROLUS
850 1823 870 1858 ,
910 1771 1653 1858 MANDROGERUS,
1702 1769 2311 1842 SYCOPHANTA
2330 1820 2351 1856 ‚

981 1895 1728 1968 SARDANAPALUS.
2068 1917 2100 1936 1‘

359 2127 573 2187 QURR.
616 2101 847 2188 Salve,
891 2102 1410 2198 Mandrogerus.
1457 2125 1743 2179 summ.
1782 2098 2018 2173 Salvos
2048 2124 2195 2170 esse
2243 2097 2421 2170 volo.

260 2237 469 2298 Qum.
519 2217 626 2283 Tu
677 2237 950 2308 quoque
986 2211 1346 2283 incolumis
1403 2228 1582 2300 esto,
1624 2211 2052 2282 sacerdotum
2096 2211 2431 2287 maxime,

257 2325 584 2420 quoniam
621 2322 921 2394 laudaris·
951 2349 1030 2394 ac
1068 2323 1370 2420 diligeris
1411 2321 1782 2417 plurimum
1818 2323 2067 2392 merito
2093 2337 2235 2392 tuo.
2270 2344 2420 2392 stc.

261 2438 446 2510 Scin’
475 2454 592 2526 tu,
652 2439 1180 2534 Mandrogeru3‚
1227 2438 1392 2533 quid
1455 2461 1539 2504 ex
1590 2452 1657 2506 te
1717 2435 2052 2505 voluimus
2104 2435 2427 2505 noscere?

255 2575 544 2622 MANDR.
587 2551 958 2639 Quaenam?
1002 2538 1282 2632 fortasse
1323 2548 1504 2618 novi.
1548 2570 1699 2618 sYc.
1736 2544 2105 2618 Consulere
2144 2545 2229 2614 de
2264 2547 2431 2639 qui—

257 2660 547 2730 busdam
590 2659 907 2730 volumus
957 2673 1025 2728 et
1065 2673 1470 2754 cognoscere
1520 2671 1711 2726 tuam
1770 2655 2106 2750 insignem
2161 2655 2429 2750 sapien-

257 2771 454 2838 tiam.
493 2793 776 2842 MANDR.
817 2771 976 2841 Non
1009 2767 1323 2864 equidem
1369 2769 1851 2838 constitueram
1892 2792 1910 2835 z
1946 2765 2065 2835 sed
2098 2765 2425 2859 qnoniam

259 2880 362 2950 ita
401 2879 640 2970 vultiS‚
679 2878 1051 2967 consulite,
1089 2875 1166 2947 ut
1206 2877 1672 2972 respondeam.
1712 2899 1865 2947 stc.
1896 2876 2303 2977 Quaesumus
2348 2888 2425 2942 ut

257 2989 552 3060 libenter
607 2991 810 3060 nobis
877 3015 1153 3085 operam
1225 3003 1411 3058 tuam
1481 2988 1835 3083 impendas
1876 3011 1893 3055 t
1937 2983 2203 3081 prolixa
2240 3009 2425 3052 nunc

257 3101 750 3196 disceptatione
791 3125 962 3195 opus
999 3115 1121 3170 est.
1167 3123 1454 3170 Mamm.
1503 3099 1730 3169 Dicite
1761 3095 1936 3192 quid
1978 3093 2218 3164 velitis.
2266 3117 2417 3166 syc.

255 3210 566 3281 Primum
599 3225 678 3278 ut
718 3235 1014 3304 exponas
1053 3233 1469 3304 quaesumuS‚
1511 3233 1662 3302 quae
1698 3222 1859 3277 sunt
1893 3205 2150 3300 optima
2188 3229 2418 3275 sacro-

256 3345 414 3390 rum
463 3345 715 3414 genera
761 3319 868 3389 vei
917 3320 1105 3390 cultu
1143 3318 1387 3389 facilia.
1435 3341 1722 3389 ann.
1764 3319 1925 3386 Duo
1972 3331 2132 3386 sunt
2170 3340 2415 3412 genera

257 3447 674 3526 potestatum
709 3456 726 3499 ε
769 3456 984 3500 unum
1025 3431 1212 3526 quod
1251 3429 1488 3527 jubet,
1521 3423 1706 3496 aliud
1746 3411 1931 3520 quod
1982 3424 2415 3495 obsecundat.

257 3543 376 3613 Sic
436 3556 770 3637 reguntur
812 3542 1062 3612 omnia.
1109 3539 1508 3612 Praeclarior
1542 3540 1879 3634 majorum
1922 3551 2257 3632 potestas3
2306 3535 2422 3604 sed

258 3648 604 3721 minorum
631 3677 804 3747 saepe
828 3651 1064 3722 utilior
1089 3652 1328 3746 gratia.
1349 3655 1607 3724 Verum
1644 3649 1725 3718 de
1748 3648 2122 3743 majoribus
2156 3646 2381 3715 dicere
2402 3689 2422 3720 ω

257 3787 480 3858 neque
521 3763 689 3831 mihi
729 3762 989 3851 dicere,
1025 3787 1244 3857 neque
1280 3761 1468 3832 vobis
1518 3760 1751 3831 audire
1804 3773 1907 3828 est
1946 3756 2134 3828 utile.
2176 3762 2417 3851 Itaque

257 3874 315 3940 si
350 3887 417 3940 et
453 3872 776 3942 invidiam
813 3888 879 3942 et
916 3877 1212 3942 sumtum
1245 3871 1529 3958 evitatis,
1554 3885 1813 3965 sperate
1840 3869 1923 3938 ab
1961 3865 2413 3938 inferioribus.

262 4006 413 4053 stc.
463 3983 791 4070 Quaenam
832 3984 957 4052 ista
1005 3997 1164 4052 sunt
1205 3982 1565 4077 obsequia,
1604 3981 1852 4074 quibus
1908 3978 2183 4072 obsequi
2230 4001 2415 4047 nunc

264 4107 536 4186 oportet
562 4093 596 4162 ἓ
630 4118 904 4165 MANDR.
949 4095 1192 4165 Dicam
1229 4090 1555 4162 celeriter.
1596 4092 1756 4160 Tria
1806 4103 1964 4159 sunt
2008 4089 2075 4157 in
2120 4090 2353 4185 primis
2393 4121 2410 4162 τ

262 4201 550 4298 planetae
573 4218 902 4299 potentes,
918 4229 1185 4276 anseres
1199 4202 1573 4300 inportuni,
1593 4215 1661 4273 et
1684 4198 2141 4298 cynocephali
2162 4216 2411 4275 truces.
