3067 5017
1111 439 1728 513 Emrlonsss.
2057 425 2061 429 ’
2350 447 2489 521 621

353 565 694 658 prodiisset
736 563 904 652 1576
928 607 946 644 ,
1003 561 1310 652 Lugduni
1357 576 1424 627 et
1457 562 1743 627 Coloniae
1790 559 1956 652 1577
1996 579 2061 628 et
2092 587 2189 655 sq.
2226 567 2493 638 Plautus

355 673 812 740 Lambinianus
871 689 1023 736 cum
1083 672 1551 735 commentario
1620 671 2079 756 recuderetur3
2134 681 2496 768 exemplum

351 797 506 846 vero
537 795 967 868 sequerentur
1003 777 1376 866 Gryphiana
1411 795 1476 840 et
1513 777 1689 841 Petri
1722 777 2286 848 sanct-Andreani
2324 785 2485 854 1581

352 889 526 952 lectt.
563 885 961 950 variantibus
1009 885 1316 972 notisque
1351 883 1647 948 Lambini
1683 879 1977 967 adjectis,
2006 903 2127 952 etc.
2160 889 2497 980 Repetitus

357 994 504 1058 dein
535 1013 686 1058 cum
720 1011 960 1056 comm.
999 993 1228 1080 saepius
1262 988 1518 1056 Parisiis
1564 989 1731 1079 1587
1756 1007 1819 1056 et
1864 990 2065 1078 1595,
2094 996 2263 1076 in·4.
2288 997 2496 1092 Lugd.

357 1121 408 1166 a.
435 1099 713 1163 Genevae
744 1097 934 1186 1587,
967 1096 1153 1183 1595,
1185 1097 1373 1179 1605,
1404 1097 1592 1162 1622.
1618 1097 1746 1162 Sed
1778 1117 1855 1161 ex
1884 1117 2017 1186 quo
2048 1101 2249 1168 Ianus
2276 1103 2496 1175 Dousa

357 1204 562 1287 filius,
586 1205 838 1284 juvenis
873 1204 1280 1268 acutissimus
1303 1254 1321 1286 ,
1355 1205 1556 1292 patris
1604 1204 2013 1295 cognominis
2055 1205 2351 1276 doctrina
2383 1215 2498 1280 ad·

352 1308 563 1388 jutus,
595 1307 886 1372 lectionis
917 1308 1382 1370 Camerarianae
1419 1326 1655 1369 novam
1695 1303 1965 1370 feliciter
1995 1297 2262 1375 fecisset
2285 1335 2505 1382 recen·-

361 1417 612 1480 sionem
662 1413 732 1476 in
778 1412 1183 1476 Plantiniana
1226 1410 1428 1498 1589,
1483 1412 2176 1499 camerario-Dousica
2224 1417 2508 1488 obtinuit

361 1522 429 1584 in
473 1519 804 1608 plerisque
843 1531 922 1581 ut
975 1518 1261 1605 optma,
1323 1516 1472 1604 quae
1523 1517 1779 1606 praeiret
1840 1519 2007 1582 aetati
2044 1519 2243 1586 'novae
2286 1523 2505 1593 Taub-

361 1624 1043 1713 manno-Grutefianae
1073 1625 1156 1690 ab
1192 1647 1294 1689 an.
1335 1623 1499 1690 1605
1533 1624 1925 1703 adventurae,

451 1752 502 1796 s.
558 1753 614 1794 a.
673 1729 888 1818 (1551
931 1729 1034 1793 vel
1086 1728 1299 1816 1552)
1360 1729 1659 1808 Basileus,
1697 1725 1863 1795 ins-8.
1920 1729 2011 1797 M.
2048 1733 2229 1798 Accii
2294 1735 2503 1804 Plauti

364 1835 712 1902 Gomoediae
744 1837 868 1899 XX
893 1883 912 1917 ‚
951 1835 1242 1925 diligenti
1280 1855 1436 1898 cura
1475 1851 1541 1898 et
1580 1835 1889 1924 singulari
1931 1837 2147 1900 studio
2190 1841 2506 1910 Joachimi

365 1942 710 2008 Camerarii
745 1941 1094 2030 Pabeperg.
1114 1941 1515 2005 emendatius
1548 1963 1748 2015 nunc,
1780 1963 1974 2029 quam
2012 1961 2163 2008 ante
2192 1967 2506 2036 umquam

366 2046 448 2113 ab
482 2049 618 2113 ullo
643 2093 661 2130 ,
693 2047 898 2112 editae.
929 2048 1208 2126 Adjectis
1255 2049 1449 2112 etiam
1479 2047 1892 2127 ejusdem.ad
1940 2048 2225 2138 singulas
2250 2053 2509 2121 Comoe-

370 2154 502 2218 dias
552 2151 948 2242 argumentis
1001 2168 1066 2214 et
1114 2151 1678 2216 annotationibus.
1724 2151 1981 2222 Basileae
2026 2177 2147 2242 per
2193 2156 2513 2226 Joannem

370 2259 783 2346 Hervagium.
817 2289 908 2307 -—-
938 2255 1018 2318 Iu
1057 2255 1459 2320 Bibliotheca
1509 2250 1777 2343 quidem
1826 2257 2204 2324 Fabriciana
2230 2310 2248 2343 ,
2298 2266 2396 2328 uti
2444 2267 2510 2330 in

368 2364 750 2430 recensione
793 2359 943 2426 edd.
981 2384 1018 2423 a
1062 2361 1266 2424 Pareo
1313 2362 1679 2449 conscripta
1705 2410 1723 2443 ‚
1768 2361 1908 2425 haec
1941 2361 2143 2427 editio
2194 2387 2301 2433 an.
2346 2369 2507 2436 1551

370 2470 690 2561 prodiisse
723 2468 982 2533 dicitur.
1019 2469 1107 2530 At
1145 2486 1349 2554 quum
1387 2467 1791 2530 Camerarius
1839 2467 1907 2529 in
1950 2469 2323 2554 praefatione
2366 2499 2429 2566 p.
2472 2499 2515 2563 9
2584 2457 2591 2465 ⁸

371 2575 774 2666 profiteatur,
808 2589 960 2636 ante
998 2569 1187 2636 XVII
1219 2591 1426 2636 annos
1470 2566 1882 2636 Macrobium
1916 2596 1954 2635 a
1988 2593 2057 2636 se
2094 2574 2345 2641 editum
2382 2604 2518 2646 esse

376 2685 476 2771 (is
503 2696 722 2744 autem
743 2681 956 2742 lucem
991 2676 1154 2740 vidit
1173 2701 1232 2742 a.
1266 2675 1504 2764 1535),
1532 2679 1875 2741 'malumus
1900 2678 2207 2744 accedere
2230 2683 2519 2770 Goetzio,

376 2789 494 2878 qui
541 2807 686 2850 eam
731 2810 788 2850 a.
842 2782 1008 2849 1552
1055 2785 1434 2873 impressam
1481 2785 1867 2872 suspicatur.
1928 2785 2100 2849 Usus
2152 2803 2251 2851 est
2298 2804 2518 2857 autem

375 2891 778 2959 Camerarius
815 2891 1210 2955 membranis
1247 2891 1529 2978 antiquis
1566 2888 1701 2954 Viti
1732 2889 1979 2956 Verleri
2010 2893 2247 2959 Franci
2268 2944 2285 2973 ‚
2322 2919 2518 2984 quem

377 3002 607 3090 Lipsiae
633 2997 997 3064 Comoedias
1020 2997 1348 3062 Plautinas
1372 2999 1910 3086 interpretantem
1947 2997 2257 3084 audierat,
2289 3001 2527 3072 deinde

377 3105 840 3193 antiquissimis
881 3101 1296 3167 Bibliothecae
1339 3102 1678 3185 Palatinae3
1716 3115 1781 3166 et
1831 3103 1973 3190 ipse
2019 3103 2214 3189 dicit,
2262 3109 2519 3176 nullum

382 3233 522 3279 esse
541 3231 746 3299 prope
767 3209 1162 3274 versiculum
1190 3209 1332 3272 sine
1360 3208 1575 3296 aliqua
1602 3207 2061 3273 emendatione
2086 3231 2220 3275 sua.
2245 3213 2525 3302 Operam

383 3320 521 3398 ejus
579 3317 649 3380 in
697 3316 928 3382 Plauto
981 3331 1275 3378 navatam
1337 3315 1571 3380 eximie
1632 3315 1855 3380 laudat
1906 3317 2132 3380 Dousa
2184 3319 2527 3407 Explanat.

383 3425 594 3498 Plaut,
625 3443 690 3510 p.
723 3421 864 3485 108.
905 3422 1224 3487 Caeterum
1269 3421 1405 3485 haec
1439 3417 1645 3485 editio
1688 3420 1945 3510 praefixa
1994 3421 2189 3486 habet
2234 3421 2301 3486 1⁰
2324 3449 2531 3513 prooe-

385 3530 592 3594 mium
633 3528 715 3591 de
771 3526 927 3592 edit.
975 3543 1044 3590 et
1101 3527 1358 3592 emend.
1405 3527 1583 3591 sabb.
1644 3527 2091 3592 Plautinarum
2151 3527 2232 3592 ad
2289 3531 2526 3623 Georg.

386 3634 560 3700 Frid.
591 3635 1039 3700 Marchionem
1071 3632 1561 3723 Brandenburg.
1604 3631 2009 3698 Onoldinum
2034 3684 2050 3718 ‚
2078 3655 2359 3723 puerum
2388 3654 2533 3704 tum

386 3741 550 3804 XIII
582 3762 720 3822 an.;
751 3748 822 3804 2⁰
849 3738 1240 3828 prooemium
1277 3738 1475 3825 (sabb.
1510 3737 1571 3800 V
1604 3738 1767 3818 1545
1802 3739 1991 3802 editis
2018 3741 2423 3828 praemissum
2450 3745 2534 3809 ad

388 3846 700 3910 illustriss.
749 3865 986 3934 pueros
1030 3845 1616 3908 Fratue-ottonem
1654 3859 1722 3908 et
1753 3842 1929 3908 Frid.
1969 3843 2237 3920 fratres,
2276 3847 2535 3923 Ernesti

392 3947 520 4012 FF.
547 3948 762 4010 Princ.
783 3946 1114 4010 Brunsvic.
1151 3963 1311 4028 etc.;
1341 3940 1411 4010 3⁰
1429 3944 1583 4008 dein
1619 3944 1822 4032 ipsius
1856 3941 2107 4010 diss.de
2138 3948 2537 4016 carminibus

392 4054 695 4121 Comicis.
721 4029 984 4118 Fabulis
1009 4051 1311 4142 singulis,
1347 4069 1631 4140 quarum
1658 4050 2010 4114 lectionem
2046 4052 2537 4140 emendaverat,

394 4159 657 4239 adjectae
679 4175 838 4224 sunt
871 4171 1046 4224 notae
1066 4207 1086 4241 ,
1114 4158 1294 4224 haud
1318 4156 1583 4247 quidem
1610 4157 1951 4221 ambitiose
1969 4205 1988 4240 ‚
2010 4153 2128 4222 sed
2165 4158 2460 4226 breviter*
2474 4175 2539 4229 et
2628 4149 2643 4161 ⁶
