3067 5017
561 410 656 493 42
1349 407 1943 491 POENULth‚

563 531 940 601 Praesertim
967 530 1038 599 in
1063 554 1135 599 re
1159 530 1394 626 populi
1423 529 1689 625 placida
1704 584 1725 617 ,
1752 544 1957 624 atque
1990 528 2357 599 interfectis
2382 528 2711 621 hostibus,

560 644 720 712 Non
762 640 950 710 decet
995 640 1414 711 tumultuari.
1449 642 1581 713 Sed
1612 642 1669 710 si
1702 640 2109 735 properabas
2142 642 2388 735 magiS,

565 749 788 819 Pridie
821 772 945 820 nos
981 764 1047 819 te
1079 750 1436 821 advocatos
1470 751 1607 820 huc
1638 751 1910 819 duxisse
1946 751 2269 844 oportuit.

566 860 674 928 Ne
699 873 776 928 tu
805 860 1083 953 opinere
1104 915 1123 948 ,
1159 859 1343 931 baud
1371 862 1733 956 quisquam
1766 860 1967 929 hodie
2001 876 2307 929 nostrum
2334 876 2559 931 curret
2589 888 2715 957 per

865 996 1027 1041 vias».

570 1081 806 1174 Neque
835 1105 960 1149 nos
991 1075 1283 1175 populus
1310 1106 1435 1175 pro
1468 1082 1696 1151 ceritis
1730 1080 2086 1149 insectabit
2118 1078 2476 1173 lapidibus
2658 1098 2711 1137 2⁵

571 1213 789 1260 AGon.
816 1192 908 1260 At
936 1192 991 1259 si
1009 1191 1097 1259 ad
1115 1192 1476 1286 prandium
1499 1217 1611 1262 me
1638 1192 1709 1261 in
1740 1192 1949 1260 aedem
1966 1216 2085 1260 vos
2114 1190 2424 1261 dixissem
2444 1190 2713 1277 ducere,

571 1300 950 1370 Vinceretis
985 1326 1251 1371 cervom
1291 1328 1527 1391 cursu,
1556 1302 1661 1371 vel
1699 1302 2101 1371 clavatorem
2135 1302 2370 1397 gradu.

566 1395 770 1482 Nunc¹
798 1437 916 1481 vos
953 1415 1112 1507 quia
1151 1414 1314 1483 mihi
1342 1415 1699 1483 advocatos
1732 1414 1909 1499 dixi,
1944 1427 2013 1481 et
2048 1414 2274 1481 testeis
2311 1411 2591 1496 ducere,

569 1512 932 1615 Podagrosi
969 1525 1162 1610 estiS,
1204 1549 1282 1592 ac
1316 1526 1566 1594 vicistis
1603 1522 1945 1593 cochleam
1988 1522 2419 1591 tarditudine.

571 1654 733 1700 ADV.
775 1635 882 1701 An
921 1654 1078 1700 vero
1097 1658 1234 1701 non
1256 1634 1435 1726 justa
1456 1634 1784 1717 causa'st,
1810 1658 1947 1726 quo
1974 1648 2285 1703 curratur
2312 1628 2633 1710 celeriter,
2663 1654 2717 1695 30

572 1740 712 1808 Ubi
749 1741 937 1808 bibas
956 1794 976 1826 ,
1007 1741 1163 1811 edas
1192 1742 1274 1810 de
1309 1741 1526 1812 alieno
1544 1798 1564 1831 ,
1602 1757 1933 1837 quantum
1962 1741 2128 1811 velis
2156 1766 2369 1835 usque
2398 1739 2672 1810 adfatim
2695 1793 2714 1825 ‚

575 1850 782 1939 Quod
813 1866 888 1919 tu
918 1852 1165 1921 invitus
1197 1877 1545 1946 nunquam
1582 1855 1822 1923 reddas
1854 1853 2159 1939 dominc,
2182 1851 2267 1919 de
2294 1874 2433 1944 quo
2460 1849 2720 1919 ederis?

573 1990 791 2042 Terent.
819 1990 1016 2044 Heaut.
1040 1991 1187 2044 Prol.
1214 1991 1311 2063 37,
1354 2006 1408 2046 et
1442 1994 1604 2045 Lam·

571 2068 719 2139 prid.
735 2070 794 2122 in
813 2070 996 2124 Sever.
1021 2091 1079 2141 p.
1103 2090 1124 2124 1
1139 2075 1231 2135 28,
1251 2074 1318 2137 E,
1338 2071 1423 2127 ed.
1440 2073 1604 2127 Salm.

579 2167 908 2215 «cursorem,
922 2148 1078 2215 dixit,
1093 2170 1368 2223 nunquam
1381 2153 1488 2206 nisi
1499 2172 1603 2207 ser-

571 2246 734 2294 vum;
769 2230 1065 2301 ingenuum
1103 2249 1351 2297 currere,
1395 2233 1500 2285 nisi
1546 2234 1605 2285 in

573 2326 726 2361 sacro
747 2310 1072 2375 certamine,
1097 2329 1208 2363 non
1239 2311 1493 2365 debere».
1529 2314 1597 2365 N.

657 2406 752 2442 21.
773 2390 834 2441 ln
869 2410 920 2441 re
943 2391 1117 2461 populi
1135 2390 1270 2460 plac.
1298 2402 1400 2464 aeq.
1429 2394 1520 2445 int.
1552 2393 1603 2443 Ιι.

571 2466 843 2521 Videlicet
903 2470 1020 2522 haec
1080 2470 1262 2524 fabula
1326 2470 1606 2524 debellatis

571 2546 1098 2619 Carthaginiensibus
1125 2563 1240 2603 acta
1265 2551 1386 2603 fuit.
1424 2551 1506 2602 Ita
1531 2550 1609 2602 vi-

566 2626 766 2680 ctorias
779 2641 1022 2681 recentes
1039 2630 1293 2683 Romanis
1312 2629 1607 2699 gratdatur

569 2718 728 2777 poeta
749 2707 806 2759 in
826 2709 1049 2761 Trucul.
1075 2709 1133 2774 1,
1164 2728 1216 2773 1,
1247 2708 1343 2762 55.
1377 2710 1444 2761 N.

654 2804 746 2839 υ.
799 2788 1125 2842 Tumultuari.
1181 2788 1416 2858 Proprie
1463 2787 1606 2841 dixit

571 2864 875 2919 tumultuari.
908 2867 1164 2919 Tumultus
1183 2868 1328 2919 enim
1351 2868 1502 2938 quasi
1525 2880 1607 2921 tu-

569 2964 677 2998 mor
707 2947 903 2998 multus.
945 2949 1016 2999 Et
1053 2946 1268 3000 attende
1309 2960 1484 3017 poetae
1514 2966 1607 3001 co-

568 3024 768 3079 micum
788 3026 1078 3079 artificium
1097 3065 1112 3091 ,
1149 3045 1310 3097 quam
1345 3026 1603 3081 dissimu-

565 3104 776 3169 lenter,
841 3117 898 3157 et
963 3107 1115 3176 quasi
1187 3105 1338 3159 aliud
1406 3125 1606 3178 agens,

565 3184 936 3237 Romanorum
955 3203 1042 3239 res
1057 3197 1231 3255 gestas
1247 3186 1604 3259 victoriasque

570 3260 642 3316 de
662 3263 840 3316 Poenis
862 3263 1018 3317 victis
1041 3266 1315 3335 quaesitas,
1347 3266 1436 3319 hic
1475 3266 1602 3319 atti-

568 3343 723 3413 gerit.
757 3345 968 3396 Douzs.

655 3424 747 3476 25.
777 3423 881 3475 Pro
915 3426 1095 3477 ceritis.
1129 3422 1218 3477 Cf.
1243 3424 1487 3495 Amphit.
1515 3425 1603 3491 11,

575 3520 604 3553 s
626 3539 643 3566 ‚
679 3507 809 3565 144.

657 3585 751 3637 26.
783 3581 989 3636 AEdem.
1023 3580 1218 3635 AEdem
1258 3583 1350 3637 hic
1391 3583 1602 3653 accipio

566 3678 768 3713 sacram
786 3698 804 3727 ‚
835 3679 903 3714 ex
937 3662 1285 3733 antiquorum
1323 3662 1460 3723 ritu,
1503 3663 1600 3734 qui

561 3740 916 3793 sacrificantes
945 3739 1017 3794 ad
1052 3743 1254 3813 templa
1281 3742 1483 3795 amieos
1503 3761 1599 3795 vo-

563 3838 686 3873 care
717 3820 963 3875 solebant
995 3822 1362 3875 convivatum.
1401 3822 1599 3873 Exem-

562 3899 718 3970 plum
755 3912 835 3953 est
875 3899 1034 3953 initio
1075 3899 1220 3954 Rud.
1257 3901 1329 3955 Et
1367 3900 1494 3953 alias
1540 3900 1599 3953 in

563 3978 780 4049 templis
825 3978 1072 4033 convivia
1109 3981 1454 4051 agitabantur
1487 4001 1500 4030 :
1536 3993 1600 4033 ut

563 4076 733 4129 quum
773 4075 924 4112 coena
968 4060 1249 4130 popularis
1295 4061 1597 4114 celebrare-

1690 1996 1750 2047 in
1778 1993 1946 2048 aedem
1972 1992 2040 2045 ad
2073 1992 2291 2045 Coenam
2312 1990 2541 2056 veneris,
2560 2003 2659 2043 etc.
2684 2014 2708 2035 a·

1688 2074 2134 2129 Aenum—Mil.
2155 2073 2267 2137 111,
2300 2092 2353 2137 1,
2380 2088 2407 2123 1
2426 2074 2514 2125 18.

1777 2175 1870 2225 ²7·
1927 2153 2235 2207 Clavatorem
2284 2151 2465 2221 gradu.
2515 2149 2717 2202 Omnes

1690 2234 2023 2305 grammatici
2046 2245 2248 2287 veteres
2268 2231 2434 2285 citant
2452 2252 2464 2281 ε
2482 2252 2505 2273 a
2516 2242 2569 2282 et
2584 2229 2720 2299 gral-

1690 2315 1913 2367 latorem
1942 2312 2113 2384 gradu
2138 2338 2189 2363 »-
2227 2310 2335 2365 Sed
2360 2308 2583 2363 minime
2615 2306 2717 2358 du-

1690 2394 1842 2447 bium
1894 2406 1973 2447 est
1991 2433 2008 2459 ,
2053 2392 2187 2464 quin
2236 2390 2442 2465 antiqui
2496 2386 2716 2455 alicujus

1690 2473 2025 2544 grammatici
2072 2473 2611 2541 interpretamentum
2660 2464 2718 2519 in

1692 2566 1901 2607 textum
1928 2551 2205 2624 irrepserit
2220 2589 2237 2616 ‚
2270 2569 2371 2621 pro
2394 2566 2521 2603 vero
2548 2546 2717 2608 verbo

1692 2632 1941 2685 Plautino
1961 2649 1976 2684 x
1998 2651 2126 2685 nam
2154 2630 2248 2701 qui
2272 2630 2559 2681 clavator-em
2578 2626 2720 2700 gral-

1690 2712 1917 2765 latorem
1940 2730 2051 2765 esse
2077 2722 2191 2763 erat
2216 2709 2614 2777 interpretatus,
2632 2724 2721 2757 an-

1692 2811 1803 2845 sam
1818 2790 1974 2844 dedit
1994 2787 2121 2843 huic
2140 2787 2426 2841 mutationi
2447 2784 2715 2839 faciendae.

1696 2872 1853 2926 Clara
1882 2871 2045 2941 igitur
2075 2866 2447 2921 calobathrum
2472 2863 2556 2917 vel
2578 2863 2716 2933 gral-

1689 2951 1769 3013 la,
1827 2964 1882 3003 et
1928 2951 2146 3001 clavator
2194 2946 2468 3017 grallator.
2526 2942 2716 3003 Postea

1690 3032 1829 3083 clam
1844 3071 1861 3095 ,
1910 3030 1995 3081 vel
2042 3027 2214 3080 κλάπα.
2232 3065 2247 3090 ,
2294 3037 2355 3077 nt
2396 3022 2717 3077 recentiores

1691 3109 1866 3162 Graeci
1906 3107 2117 3163 dixere,
2154 3123 2257 3175 pro
2298 3103 2495 3173 quovis
2534 3102 2715 3172 ligneo

1690 3190 1867 3243 calceo
1898 3187 2010 3241 dici
2045 3196 2217 3255 coepta
2242 3195 2338 3237 est.
2368 3184 2610 3236 Samis.

1772 3269 1862 3321 30.
1904 3267 2050 3335 Qua,
2084 3265 2122 3317 i.
2152 3282 2201 3317 e.
2235 3282 2349 3315 cur.
2380 3260 2593 3333 Captiv.
2626 3260 2714 3323 11,

1694 3346 1751 3413 3,
1768 3366 1860 3417 70.
1882 3376 1961 3387 —-
1986 3344 2155 3398 Causa
2180 3362 2277 3415 quo
2297 3381 2314 3406 ,
2346 3354 2409 3395 ut
2436 3359 2573 3396 vers-
2604 3344 2678 3403 44
2700 3380 2718 3403 ,

1689 3446 1787 3478 rem
1814 3424 1959 3498 quod.
1989 3424 2058 3476 N.

1770 3507 1869 3559 32.
1922 3503 2075 3572 Quod
2110 3514 2164 3553 tu
2202 3504 2396 3553 invitus.
2444 3498 2531 3553 Ad
2568 3497 2713 3569 quod

1685 3581 2033 3638 reddendum
2066 3580 2323 3644 domino,
2362 3598 2403 3657 'a
2443 3598 2553 3650 quo
2594 3578 2715 3649 opi·

1686 3682 1817 3733 parc
1840 3674 2090 3735 exceptus
2110 3678 2187 3724 es,
2200 3676 2477 3731 nunquam
2496 3658 2715 3729 cogaris.

1684 3741 1855 3796 Ludit
1906 3743 1963 3795 in
2010 3740 2274 3795 vocabulo
2328 3740 2531 3791 alienus.
2604 3738 2714 3801 Qui

1684 3823 1859 3876 aliena
1887 3820 2087 3875 utenda
2114 3820 2318 3891 accepit
2338 3859 2353 3884 ,
2394 3817 2467 3871 ad
2488 3814 2716 3871 redden·

1686 3900 1818 3955 dum
1837 3902 1957 3972 cogi
1968 3909 2165 3972 potest.
2177 3900 2287 3965 Qui
2306 3917 2433 3951 vero
2450 3894 2519 3949 de
2536 3894 2712 3948 alieno

1686 3982 1829 4034 bibit
1870 3993 1924 4034 et
1976 3979 2120 4045 edit,
2172 3978 2341 4031 aliena
2386 3975 2547 4047 plane
2590 3972 2716 4025 facit

1684 4080 1807 4123 sua,
1848 4072 1905 4115 et
1945 4059 2012 4112 ad
2050 4055 2388 4113 reddendum
2436 4054 2557 4125 cogi
2601 4072 2712 4105 non

555 4150 678 4192 tur:
705 4135 776 4191 de
806 4157 912 4210 qua
940 4139 1094 4193 Trin.
1127 4166 1150 4187 α
1264 4140 1396 4210 quid
1422 4152 1512 4203 tu,
1533 4140 1576 4192 si
1668 4152 1863 4209 potest.
1899 4141 2188 4193 Boxnonn.
