3067 5017
552 397 693 484 524

1182 399 1277 466 M.
1326 398 1627 467 ACCII
1673 397 2058 466 PLA·UT1

1346 522 1715 618 Sequimini
1748 521 1875 590 hac
1896 576 1916 608 ,

545 631 781 720 Soltis,
821 630 1113 726 legiones
1150 633 1407 700 omneis
1446 634 1787 702 Lavernae.

542 741 711 826 Ubi,
746 737 1021 826 roim-ii,
1058 740 1253 810 estis?
1278 767 1365 812 en
1401 756 1559 811 sunt
1591 767 1607 809 :
1647 741 1764 810 ubi
1799 754 1955 810 sunt
1985 739 2302 809 adsensi?
2336 735 2522 810 ecce*
2573 757 2579 764 '
2663 759 2689 800 ⁵

539 852 772 945 Agite,
819 850 1141 920 subsidite
1178 853 1471 937 omneis,
1518 852 1710 945 quasi
1749 849 1966 941 solent
2001 851 2242 918 triarii.

537 963 724 1032 Nave
762 985 957 1055 agere
1001 976 1311 1054 oportet,
1353 961 1538 1056 quod
1577 987 1771 1056 agas,
1801 964 1942 1031 non
1981 945 2304 1033 ductarie.

539 1071 1019 1166 Superaboque
1053 1073 1310 1141 omneis
1353 1070 1732 1166 argutando
1769 1071 2098 1165 praefices,

1038 1185 1231 1250 Tunc
1269 1180 1538 1276 papillae
1580 1183 1896 1276 primitus

540 1299 593 1366 F
596 1293 1127 1381 raterculabant3
1168 1286 1336 1364 illud
1375 1294 1561 1365 volui
1599 1295 1857 1384 dicere,
2647 1283 2738 1356 ια’

541 1407 983 1476 Sororiabant
1014 1433 1030 1476 ε
1076 1405 1261 1500 quod
1294 1431 1465 1499 opus
1502 1421 1602 1475 est
1639 1405 1912 1475 verbis?

537 1520 601 1586 Ο
642 1517 854 1586 amice
879 1568 900 1605 ,
944 1542 1027 1585 ex
1066 1515 1296 1585 multis
1339 1517 1507 1585 mihi
1546 1541 1718 1594 une.
1755 1509 2114 1611 Cephalio.

540 1625 851 1698 Strebula
901 1627 1149 1722 agnina
1190 1640 1366 1696 tene.

538 1842 971 1916 amplitudinem.
1030 1840 1287 1896 Aurelius
1325 1842 1576 1914 ‘Opilius

526 1924 771 1994 frigidam
814 1923 891 1976 ait
932 1921 1043 1975 dici
1062 1957 1067 1962 ·
1086 1935 1140 1975 et
1182 1939 1306 1975 cum
1345 1921 1576 1976 horrore

537 2015 875 2056 trementem.
916 2003 1105 2056 Santra
1132 2019 1250 2054 eam
1290 2019 1356 2054 ex
1398 2019 1576 2074 groco

535 2081 791 2136 deducit:
844 2081 971 2153 qnia
1018 2094 1267 2134 tremorem
1314 2080 1576 2152 ejusmodi

538 2163 780 2232 κᾶρκαρον
812 2173 1047 2214 vocant:
1090 2159 1233 2214 unde
1261 2159 1370 2212 dici
1414 2162 1575 2214 etiam

540 2260 793 2294 carcerem.
812 2239 972 2294 Fnsoe.
1135 2309 1143 2313 Α

626 2322 684 2376 3.
712 2321 1009 2392 Sequimini,
1058 2321 1163 2374 etc.
1189 2317 1331 2392 apud
1355 2320 1574 2375 Festum

541 2419 596 2453 ν.
624 2402 802 2454 stultis.

622 2489 675 2546 4.
705 2483 945 2550 Legiones
964 2479 1087 2532 Lao.
1108 2478 1409 2544 Casin.HI,
1437 2483 1492 2545 6,
1522 2498 1574 2534 1.

625 2560 678 2614 5.
722 2561 939 2613 Rome-ii.
982 2559 1167 2612 Festus
1198 2580 1210 2610 τ
1261 2581 1283 2603 ι
1322 2559 1578 2614 Ros-arios

541 2640 739 2694 milites
768 2641 1057 2704 vocabant,
1079 2638 1173 2710 qui
1203 2638 1311 2691 levi
1343 2652 1579 2692 armatu-

540 2738 602 2773 ra
636 2720 801 2792 primi
844 2718 1094 2790 pralium
1126 2718 1534 2772 committebant
1560 2738 1574 2773 z

539 2799 689 2870 quod
719 2812 783 2853 ut
822 2811 945 2852 ante
973 2799 1203 2850 imbrem
1247 2797 1359 2852 fere
1392 2817 1578 2852 rorare

540 2879 709 2944 solet,
734 2879 811 2932 sic
844 2877 925 2930 illi
952 2888 1078 2930 ante
1103 2895 1319 2948 gravem
1344 2890 1577 2931 armatu·

540 2977 655 3012 ram
678 2957 832 3029 quod
853 2954 1166 3028 prodibant,
1175 2955 1548 3022 rorapiidicti·
1562 2997 1576 3012 .

541 3070 623 3083 --
645 3039 879 3091 Adcensi.
902 3037 1107 3088 Varro:
1140 3062 1163 3084 ι
1186 3034 1418 3089 Adcensi
1442 3036 1574 3090 dicti

466 3128 470 3136 ’
540 3115 690 3188 quod
718 3115 1107 3172 decurionibus
1150 3127 1205 3168 et
1238 3117 1573 3170 centurioni·

541 3199 647 3250 bns
675 3196 1132 3260 adcensebantur‚
1176 3194 1236 3248 id
1270 3207 1381 3261 est,
1414 3195 1609 3250 edwi·—

541 3278 849 3344 bachantur
870 3300 919 3329 ι.
938 3275 1048 3327 Alii
1076 3275 1395 3345 adscriptivos
1412 3276 1576 3330 etiam

540 3368 820 3420 vocarunt,
837 3356 965 3408 item
988 3347 1202 3427 optiones
1216 3375 1238 3419 ‚-
1256 3353 1576 3428 diversaque

538 3435 669 3508 ipsis
697 3437 900 3489 tributa
929 3447 1051 3487 sunt
1084 3453 1325 3487 munera.
1344 3435 1573 3490 Turnat.

538 3547 621 3559 -·
638 3517 857 3570 Adcensi
876 3519 1024 3584 agite,
1050 3527 1153 3567 etc.
1180 3512 1327 3585 apud
1342 3515 1572 3568 Veri-on.

535 3597 600 3648 L.
634 3598 698 3650 L.
721 3597 804 3649 VI
823 3634 839 3661 ‚
875 3599 961 3649 16.
988 3595 1033 3648 F
1034 3607 1129 3647 est.
1157 3614 1207 3650 v.
1232 3595 1513 3648 subsidium.

620 3681 676 3729 6.
701 3675 947 3729 Salsidite
972 3677 1177 3740 omneis,
1220 3677 1359 3747 quasi
1390 3677 1569 3727 triarii.

538 3755 723 3809 Festus
761 3773 775 3807 :
835 3781 857 3804 ι
887 3752 1202 3808 Subsidium
1258 3753 1566 3813 dicebatur,

538 3834 753 3908 quando
790 3834 985 3888 milites
1014 3831 1362 3888 subsidebant
1388 3834 1446 3887 in
1478 3853 1569 3887 ex·

1660 1855 1833 1895 trema
1871 1842 1983 1895 scie
2000 1878 2018 1904 ‚
2060 1841 2371 1914 labentique
2410 1842 2541 1897 aciei
2578 1861 2702 1898 suc-

1659 1923 1964 1974 currebant.
2018 1920 2194 1987 Quod'
2235 1941 2402 1993 genus
2459 1922 2698 1977 militum

1659 2001 1932 2054 constabat
1985 2021 2052 2055 ex
2101 2002 2168 2054 iis
2215 2003 2314 2074 qui
2360 2014 2702 2056 emeruerant

1661 2080 1926 2150 stipendia
1944 2118 1961 2146 ,
1987 2092 2041 2134 et
2077 2094 2255 2134 tamen
2291 2082 2600 2136 retinebant
2625 2081 2704 2135 lo-

1659 2178 1783 2214 cum
1824 2161 1882 2213 in
1922 2161 2156 2236 exercitu
2177 2199 2194 2225 ‚
2245 2181 2370 2232 quae
2395 2175 2508 2216 erat
2537 2162 2698 2216 tertia

1663 2240 1832 2304 acies,
1855 2259 1974 2313 qua
2001 2240 2284 2295 dicebatur
2307 2241 2617 2294 triariorum
2641 2267 2664 2288 ι-
2679 2280 2694 2295 .

1747 2340 1804 2390 7.
1831 2321 1988 2374 Nat-e.
2015 2321 2232 2374 Festus:
2271 2345 2293 2368 ι
2319 2322 2525 2386 Navus,
2554 2322 2700 2374 celer

1663 2419 1726 2454 ec
1755 2411 2006 2454 strenuus
2035 2418 2049 2453 ε
2086 2419 2118 2454 a
2165 2401 2384 2454 navium
2420 2401 2702 2454 velocitate

1663 2478 1840 2532 dictus
1866 2505 1912 2532 ι.
1942 2481 2109 2550 Ergo,
2128 2481 2269 2534 Nave
2286 2485 2374 2551 agi
2391 2521 2406 2546 ,
2421 2493 2499 2534 est
2519 2497 2698 2551 quum

1663 2560 1812 2612 navis
1860 2560 2088 2631 remigio
2138 2573 2229 2614 aut
2280 2560 2452 2614 ventis
2504 2562 2697 2631 agitur.

1665 2639 1905 2691 Ductor-ie
1921 2678 1936 2704 ,
1975 2657 2146 2712 quum
2173 2638 2400 2693 adverso
2427 2659 2584 2692 amne
2609 2639 2699 2692 fu·

1663 2720 1824 2772 nibus
1853 2718 2100 2773 trahitur.
2123 2719 2365 2772 Duatas-ie
2383 2737 2513 2791 ergo
2535 2739 2700 2788 aget-e,

1663 2805 1743 2852 est
1795 2801 2091 2870 ῥυμουλκιῖν.
2163 2799 2277 2852 Nec
2339 2799 2700 2853 omittendum

1663 2877 1809 2952 quod
1831 2890 1908 2931 est
1931 2879 1988 2930 in
2010 2879 2227 2950 glossis:
2258 2881 2501 2945 Navities,
2527 2881 2696 2950 ἀρετή.

1648 2959 1886 3013 -SmuG,
1903 2989 1984 3004 --·
1997 2958 2184 3011 Malim
2201 2978 2360 3028 gnava
2384 2960 2698 3031 oppositum

1663 3045 1735 3108 τῷ
1759 3039 1999 3102 ductat-ie,
2024 3038 2062 3091 i.
2081 3057 2128 3091 e.
2145 3039 2306 3092 lente.
2697 3099 2705 3104 ,

1747 3120 1802 3172 8.
1835 3117 2206 3188 Superaboque,
2245 3131 2346 3172 etc.
2374 3118 2518 3190 apud
2552 3119 2697 3172 Non.

1665 3216 1716 3250 v.
1736 3196 2408 3267 proeficoe.—·Argutando,
2428 3217 2562 3252 voce
2591 3198 2700 3250 tin·-

1661 3274 1890 3330 niendo.

1748 3375 1800 3424 9.
1833 3359 1974 3411 Tune
1987 3358 2215 3428 papilla,
2237 3370 2338 3411 etc.
2363 3377 2452 3428 ap.
2480 3357 2700 3412 Festum

1661 3453 1716 3487 v.
1733 3439 1987 3490 soror-iare.

1750 3534 1838 3570 12.
1869 3517 1920 3570 0
1949 3520 2132 3582 amice,
2159 3529 2261 3570 etc.
2305 3536 2392 3588 ap.
2429 3516 2694 3570 Priscian.

1661 3593 1745 3648 ed.
1785 3595 2005 3652 Putscb.
2034 3616 2092 3667 p.
2123 3597 2256 3667 673.

1749 3675 1840 3728 13.
1867 3673 2128 3739 Ser—abula,
2158 3689 2256 3728 etc.
2289 3675 2433 3748 apud
2478 3675 2694 3728 Festum

1659 3772 1712 3807 v.
1733 3755 1966 3808 strebula.
1992 3753 2258 3808 Umbrico
2283 3756 2509 3808 nomine
2541 3756 2698 3810 Plau.

1659 3847 1744 3888 tus
1763 3834 2000 3907 appellat
2017 3833 2336 3890 coxendices
2353 3835 2672 3892 hostiarum.
