3067 5017
572 417 718 515 476
1135 506 1159 516 s
1227 421 2074 505 TRUCULENTUS,

571 569 717 613 nm.
758 546 907 611 Jam
950 542 1101 609 faxo
1142 541 1293 610 heic
1322 541 1576 628 aderit3
1614 541 1949 610 servolum
1991 543 2128 611 huc
2164 542 2430 642 mittam
2472 569 2731 614 meum.

566 654 859 724 pua-Sic
886 651 1108 720 facito,
1136 677 1279 721 nm.
1308 652 1663 746 Quidquid
1693 668 1916 721 autem
1943 654 2108 740 erit,
2129 654 2287 722 honi
2305 653 2641 724 consulas.
2673 679 2736 730 7⁵

570 789 737 833 PHR.
771 769 1070 850 Ecastor,
1104 789 1351 850 munus
1390 780 1455 832 te
1490 778 1886 832 curaturum
1927 765 2100 847 scie,

567 879 665 944 Ut
702 876 944 968 quojus
996 900 1101 942 me
1146 901 1283 942 non
1320 874 1638 967 poeniteat
1675 875 1902 942 mittas
1940 874 2129 942 mihi.

568 1009 717 1053 um.
747 987 931 1054 Num
960 985 1305 1078 quidpiam
1335 1010 1441 1053 me
1462 985 1561 1053 vis
1589 984 1769 1052 aliud
1791 984 2002 1054 ?PHR.
2036 988 2168 1069 Ut,
2203 981 2479 1075 quando
2508 983 2730 1051 otium

568 1093 721 1162 Tibi
756 1095 863 1181 sit,
902 1094 987 1163 ad
1028 1120 1136 1186 me
1172 1095 1439 1162 revisas,
1479 1119 1624 1164 nm.
1654 1093 1918 1165 ValeaS.
1948 1119 2116 1163 prm.
2152 1092 2340 1163 Vale.
2373 1111 2512 1168 (abit.)

573 1227 724 1275 Dm.
764 1208 897 1272 Pro
932 1203 1001 1271 di
1038 1205 1481 1292 inmortaleiS‚
1530 1231 1668 1274 non
1708 1206 1995 1274 amantis
2033 1205 2365 1293 mulieriS‚
2669 1227 2726 1264 ⁸0

574 1313 705 1381 Sed
746 1315 941 1383 soeiae
975 1317 1477 1399 unanimanti5‚
1517 1315 1788 1384 fidentis
1825 1315 1956 1384 fuit

576 1423 921 1517 Opficium
960 1424 1213 1512 facere,
1244 1426 1427 1520 quod
1468 1426 1672 1494 modo
1713 1427 1856 1494 haec
1895 1426 2052 1494 fecit
2087 1425 2286 1512 mihi3

574 1534 1117 1629 Subpositionem
1159 1538 1351 1631 p'ueri
1394 1562 1543 1630 quae
1587 1538 1754 1605 mihi
1797 1536 2115 1626 credidit,

569 1647 923 1714 Germanae
952 1646 1133 1739 quod
1174 1648 1387 1714 sorori
1436 1673 1572 1714 non
1621 1647 1837 1715 eredit
1879 1671 2091 1716 soror.

564 1753 882 1822 Ostendit
918 1779 1055 1823 sese
1092 1755 1231 1847 jam
1277 1755 1444 1824 mihi
1492 1755 1923 1841 medullituS‚
2677 1776 2734 1817 ⁸⁵

564 1865 651 1932 Se
687 1862 851 1930 mihi
893 1862 1231 1932 infidelem
1267 1891 1612 1958 nunquam
1635 1919 1656 1950 ‚
1697 1891 1769 1935 se⁴
1801 1868 1989 1952 viva,
2029 1864 2194 1934 fore.

564 1975 798 2067 Egone
833 1970 1013 2041 illam
1046 1988 1120 2041 ut
1150 2000 1287 2042 non
1318 1975 1585 2044 amem?
1616 2001 1829 2070 egone
1864 1975 1961 2044 illi
1997 1990 2073 2043 ut
2101 1999 2244 2042 non
2279 1974 2450 2042 bene
2481 1972 2734 2042 velim?

568 2087 684 2152 Me
717 2086 941 2179 potius
982 2109 1119 2152 non
1162 2086 1403 2154 amabo
1426 2139 1444 2166 ‚
1474 2112 1680 2179 quam
1722 2089 1880 2156 huie
1915 2087 2090 2155 desit
2127 2111 2338 2154 amor.

570 2196 720 2286 Ego
758 2193 865 2262 isti
899 2220 1034 2262 non
1075 2220 1323 2265 munus
1360 2196 1677 2265 mittam?
1706 2198 1844 2290 jam
1883 2197 2086 2264 modo
2123 2221 2204 2264 ex
2241 2197 2370 2264 hoc
2407 2194 2555 2264 loco

568 2306 604 2371 J
613 2304 828 2372 ubebo
867 2305 948 2372 ad
997 2306 1191 2374 istam
1224 2309 1525 2401 quinque
1564 2308 1850 2402 perferri
1889 2309 2139 2392 minas3
2677 2339 2736 2378 90

563 2418 889 2484 Praeterea
927 2420 1238 2510 opsonari
1280 2418 1614 2487 duntaxat
1653 2419 1736 2486 ad
1779 2419 2055 2486 minam.
2233 2417 2264 2506 ’ἦ

561 2524 783 2595 Multo
816 2525 913 2594 illi
954 2529 1178 2622 potius
1220 2529 1389 2598 bene
1431 2530 1598 2614 erit,
1635 2530 1810 2598 bene
1851 2555 2000 2622 quae
2040 2527 2177 2596 volt
2225 2527 2388 2594 mihi
2417 2580 2436 2612 ‚

562 2636 787 2724 Quam
824 2637 1169 2723 mihimet,
1200 2641 1425 2708 omnia
1459 2639 1575 2733 qui
1615 2639 1779 2706 mihi
1815 2637 1988 2708 facio
2027 2635 2225 2706 mala.
2257 2654 2402 2710 (abib)
2487 2625 2494 2628 “

1096 2830 1526 2920 SCENA
1605 2829 2226 2950 QUINTA„

1242 3012 1271 3034 ⁰
1328 3037 1966 3107 PHRONESIUM.

559 3223 782 3288 Puero
818 3214 925 3283 isti
964 3213 1120 3280 date
1154 3235 1546 3279 mammam.
1587 3213 1685 3279 Ut
1717 3211 1978 3278 miserae
2017 3225 2264 3278 matres
2299 3208 2738 3302 sollicitaeque

652 3390 745 3441 77.
767 3370 1025 3420 Paeniteat.
1052 3367 1175 3418 Aul.
1199 3368 1313 3429 ΙΙΙ,
1344 3386 1371 3418 2
1390 3405 1405 3432 ,
1437 3385 1529 3419 20.
1694 3366 1799 3418 hoc
1823 3379 1900 3419 est
1917 3405 1930 3430 ‚
1964 3365 2218 3436 praesenti
2245 3364 2501 3436 pecunia:
2525 3363 2733 3434 signifi-

647 3454 741 3522 78.
768 3449 899 3516 Num
923 3447 1189 3518 quidpiam.
1217 3447 1377 3500 Conf.
1408 3447 1601 3498 Bacch.
1694 3445 1833 3498 catio
1875 3446 2022 3498 enim
2057 3445 2192 3507 loci,
2235 3445 2554 3498 brevitatem
2601 3457 2738 3495 tem-

570 3534 673 3596 IV,
705 3550 732 3582 2
756 3571 771 3595 ,
806 3547 899 3580 απ.
1693 3526 1843 3597 poris
1875 3537 2044 3578 notat.
2073 3524 2243 3577 Sim.

649 3614 742 3664 81.
778 3607 1030 3669 Fidenas,
1058 3606 1194 3658 mihi
1214 3604 1379 3660 fidem
1402 3605 1632 3658 hahen-=
1785 3625 1833 3658 1.
1857 3606 2020 3656 Puero
2037 3608 2150 3669 isti,
2172 3616 2274 3656 etc.
2300 3605 2460 3656 Nunc
2487 3602 2736 3655 Phrone-

496 3713 508 3726 ·
572 3692 655 3745 tis.
677 3693 872 3742 Lunx:
1700 3686 1766 3737 sii
1810 3685 2118 3738 cubiculum
2160 3683 2374 3736 videtur
2422 3684 2586 3735 intus».
2627 3681 2732 3735 Sed

587 3815 592 3821 .
655 3773 752 3824 85.
774 3756 1163 3829 Μεᾱιιίίίιιιε,ἐκ
1179 3766 1357 3818 animo
1375 3764 1605 3834 penitus.
1698 3763 1863 3818 rudes
1895 3764 2312 3818 machinamenti
2343 3763 2644 3822 theatralis,
2676 3775 2738 3814 ut

654 3853 745 3918 87.
766 3849 943 3918 Egone
966 3859 1036 3898 ut.
1068 3846 1285 3898 Curcul.
1310 3847 1382 3907 V,
1419 3865 1449 3898 2
1467 3879 1484 3905 ‚
1514 3864 1536 3897 1
1552 3848 1604 3899 8.
1697 3847 1882 3897 Romae
1903 3857 2034 3898 tunc
2051 3856 2224 3908 erant,
2247 3843 2518 3914 proscenii
2545 3841 2739 3893 faciem

655 3931 750 3996 89.
780 3930 865 3980 Ex
896 3929 1019 3978 loco.
1045 3928 1125 3978 Ex
1160 3925 1309 3991 loco,
1338 3925 1425 3977 vel
1452 3945 1477 3976 e
1501 3925 1608 3976 loco
1695 3924 1842 3977 haud
1869 3943 2191 3996 magnopere
2213 3923 2588 3975 immutabant.
2608 3923 2740 3973 Pars
2825 3945 2834 3954 ·

569 4020 677 4074 est,
708 4006 856 4079 quod
880 4007 1057 4059 Groeci
1091 4004 1275 4057 dicunt
1310 4007 1540 4058 αὐτόθεν·
1576 4024 1607 4057 e
1696 4004 1951 4058 videlieet
1984 4005 2106 4057 velo
2135 4004 2236 4056 fuit
2267 4013 2528 4073 praetento
2566 4002 2738 4054 seclu-
2785 4065 2792 4074 ,

567 4090 689 4140 loco
727 4090 949 4150 mittam,
988 4088 1188 4138 αὐτόθεν
1218 4087 1427 4156 πέμψω·
1464 4083 1606 4138 unde
1697 4103 1794 4150 ης
1838 4104 1962 4157 pars
2010 4085 2178 4138 altera
2225 4101 2328 4154 pro
2389 4082 2606 4152 publica
2650 4081 2741 4132 via

572 4169 767 4222 αὐτόθεν
805 4163 1139 4219 κατοιῧοίλλιιν
1179 4185 1209 4218 e
1255 4167 1372 4218 ioco
1398 4167 1609 4230 solvere,
1701 4165 1820 4219 fuit.
1843 4163 1986 4218 Vide
2009 4165 2150 4216 infra
2172 4183 2243 4217 sc.
2271 4165 2325 4216 6.
2356 4162 2427 4213 Ν.
