3067 5017
808 454 1155 525 ACTUS
1204 457 1371 541 111,
1422 455 1759 526 scENA
1809 458 1912 526 11.

2295 458 2437 532 333

281 585 461 663 Jam,
499 576 753 665 hercle,
787 602 914 672 ego
951 603 1073 672 per
1110 580 1388 647 hortum
1426 579 1708 647 amicam
1749 579 2048 649 transibo
2083 604 2302 651 meam

286 690 457 757 Mihi
484 690 657 758 hanc
687 688 1097 782 obcupatum
1136 704 1442 757 noctem:
1483 687 1714 757 eadem
1749 688 2117 784 symbolam

284 799 513 887 Dabo,
540 815 607 868 et
633 798 888 894 jubebo
922 798 1008 867 ad
1044 800 1442 893 Sagarinum
1476 823 1736 869 coenam
1779 802 2013 895 coqui3
2216 836 2227 841 -
2385 824 2437 864 ³⁵

282 913 418 978 Aut
455 922 721 1004 egomet
757 908 871 977 ibo
910 923 1112 1002 atque
1156 909 1502 1004 opsonabo
1547 910 1928 1004 opsonium.

284 1023 500 1114 Atque
537 1019 609 1086 id
650 1042 734 1087 ne
772 1043 890 1087 vos
926 1019 1309 1103 miremini,
1351 1020 1661 1089 homines
1699 1019 1994 1091 servolos

284 1131 562 1215 Potare,
602 1152 860 1214 amare,
896 1142 1098 1221 atque
1134 1128 1218 1197 ad
1261 1154 1521 1198 eoenam
1562 1129 1957 1219 condicere3

283 1239 473 1306 Licet
504 1237 635 1306 hoc
667 1236 951 1306 Athenis
992 1237 1209 1307 nobis,
1256 1239 1386 1307 Sed
1424 1263 1632 1333 quom
1665 1240 1894 1334 cogito
1915 1293 1935 1328 ‚

284 1349 507 1417 Potius
534 1371 737 1442 quam
768 1346 838 1415 in
874 1345 1195 1416 dividiam
1224 1348 1526 1435 veniam,
1557 1363 1656 1416 est
1686 1350 1886 1418 etiam
1920 1348 2071 1420 heic
2107 1352 2354 1423 ostium
2382 1380 2438 1425 40

283 1456 481 1525 Aliud
525 1456 859 1551 posticum
895 1472 1280 1526 nostrarum
1314 1458 1611 1527 harunce
1653 1457 1894 1527 aedium

284 1567 643 1662 (Posticam
681 1580 939 1661 partem
976 1568 1189 1661 magis
1227 1582 1513 1636 utuntur
1555 1566 1865 1660 aedium);

284 1679 378 1744 Ea
410 1677 523 1744 ibo
560 1670 1000 1770 opsonatum,
1042 1676 1275 1745 eadem
1318 1676 1604 1746 referam
1637 1679 1995 1771 opsonium

285 1788 412 1853 Per
452 1786 772 1854 hortum:
808 1768 1092 1881 utroque
1136 1802 1523 1856 conmeatus
1559 1788 1884 1857 continet.

286 1900 382 1966 Ite
415 1896 543 1971 hac
578 1895 949 1967 secundum
989 1922 1107 1967 vos
1146 1922 1289 1986 me3
1328 1922 1452 1992 ego
1490 1896 1675 1966 hunc
1715 1895 1936 1967 lacero
1979 1895 2180 1967 diem.
2224 1974 2226 1977 y
2382 1914 2436 1962 ⁴⁵

771 2166 1197 2257 SCENA
1276 2165 1950 2260 SECUNDA.

768 2392 1323 2479 GELASIMUS‚
1376 2392 1946 2463 EPIGNOMUS.

287 2593 438 2640 εει..
477 2568 723 2637 Libros
759 2568 1058 2664 inspexi3
1099 2582 1237 2637 tam
1280 2569 1595 2656 confide,
1641 2593 1846 2663 quam
1878 2582 2134 2663 potest,

286 2683 397 2749 Me
435 2702 661 2747 meum
701 2677 1143 2748 obtenturum
1180 2704 1406 2773 regem
1444 2678 1747 2750 ridiculis
1779 2680 1964 2750 meis,

284 2852 527 2906 videatur
556 2852 734 2905 vexari
756 2870 931 2923 quum
962 2872 1085 2905 eum
1118 2865 1312 2923 potan-

285 2930 354 2985 do
370 2969 388 2996 ‚
407 2930 725 2987 obsonando
738 2971 755 2999 ,
786 2931 1069 2987 scortando
1088 2932 1315 2987 conteri-

285 3030 419 3065 mus.
444 3013 630 3064 Luna.

363 3091 452 3155 34.
482 3091 788 3161 Obcupatum
807 3130 821 3153 ,
849 3078 1071 3161 pendet?
1085 3110 1116 3144 a
1151 3104 1313 3144 trans-

285 3171 673 3224 ibm—Eadem.
698 3170 889 3223 Bacch.
913 3172 960 3235 1,
993 3189 1045 3235 t,
1072 3189 1095 3224 1
1111 3170 1163 3227 5.

364 3250 458 3305 35.
486 3250 609 3313 Aa,
631 3249 793 3321 apud.
815 3250 935 3304 Cas.
959 3251 1048 3315 ΙΙ,
1078 3270 1131 3315 2,
1164 3269 1257 3304 π.

364 3330 458 3401 37.
481 3330 646 3401 Atque
664 3329 721 3381 id
742 3350 802 3381 ne
820 3348 911 3381 vos
938 3334 1186 3383 miremini.
1209 3330 1315 3383 Ex·

285 3423 428 3462 cusat
444 3409 681 3475 Plautus,
698 3406 847 3481 quod
867 3410 1119 3463 homines
1139 3428 1314 3463 servu-

284 3488 363 3540 los
381 3502 653 3560 potantes,
677 3500 909 3541 amantes
936 3500 1100 3560 atque
1117 3487 1187 3542 ad
1208 3509 1311 3542 coe-

282 3569 406 3621 na'm
443 3566 787 3622 condicentes
834 3566 1053 3621 inducat
1094 3569 1151 3621 in
1199 3587 1313 3621 sce·

285 3665 407 3700 nam
439 3666 453 3699 :
485 3646 634 3719 quod
664 3647 861 3700 mirum
900 3647 1104 3699 nemini
1140 3646 1315 3700 videri

284 3724 481 3779 debere
507 3724 642 3781 dicit
656 3764 675 3788 ‚
696 3727 753 3779 in
777 3726 995 3798 palliata
1018 3727 1315 3798 praesertim

284 3804 541 3859 comoedia
561 3846 577 3871 ,
596 3818 648 3861 et
667 3825 786 3877 quae
808 3806 1032 3859 Athenis
1051 3819 1192 3877 gesta
1218 3807 1318 3859 fin·

287 3897 461 3953 gatur,
489 3904 599 3957 qua
626 3886 683 3939 in
710 3886 845 3939 urbe
875 3886 1041 3939 servis
1071 3886 1198 3941 talia
1221 3904 1316 3957 pa·

288 3975 425 4018 trare
467 3978 699 4036 potestas
733 3983 947 4035 semper
982 3965 1100 4018 fuit.
1138 3967 1319 4033 Quam

290 4062 399 4098 rem
426 4045 643 4098 Stichus
678 4058 857 4098 tamen
876 4084 890 4108 ‚
923 4045 1109 4099 Romae
1136 4064 1189 4097 se
1218 4044 1318 4097 sci-

291 4122 411 4177 licet
428 4161 446 4188 ‚
483 4122 632 4179 haud
651 4123 875 4177 Athenis
899 4142 1013 4178 esse
1029 4162 1045 4188 ‚
1068 4124 1207 4177 serio
1232 4123 1321 4177 de-

294 4220 439 4258 mum
468 4201 707 4275 cogitans
720 4240 738 4272 ,
766 4204 947 4275 potius
978 4222 1139 4276 quam
1168 4208 1219 4257 iu
1246 4204 1325 4258 de·-

1404 2855 1579 2908 oidiam
1607 2856 1811 2917 veniat,
1844 2850 1901 2904 id
1933 2863 2043 2915 est,
2074 2852 2326 2906 Romanis
2358 2852 2436 2905 le-

1400 2934 1578 3005 gibus,
1601 2952 1720 3005 quae
1755 2932 1852 2985 ista
1873 2932 2152 2994 vetabant,
2187 2930 2432 2985 fraudem

1401 3013 1594 3078 faciat,
1644 3010 1788 3065 unde
1841 3011 2142 3082 periculum
2195 3012 2434 3081 capitulo
2517 3020 2522 3022 ’

1401 3106 1546 3147 creet
1573 3110 1671 3144 suo
1693 3110 1710 3156 ;
1763 3092 1926 3163 igitur
1953 3090 2055 3143 sibi
2083 3091 2433 3146 constitutum

1402 3191 1513 3226 esse
1544 3169 1794 3243 praedicat
1815 3209 1831 3237 ,
1871 3187 2137 3242 nusquam
2169 3171 2227 3224 in
2253 3173 2432 3241 publi-

1401 3270 1522 3306 cum
1558 3249 1817 3320 prodire3
1867 3248 1960 3302 sed
1989 3262 2198 3319 partem
2237 3250 2431 3304 adium

1400 3332 1657 3402 posticam
1687 3330 1764 3383 uti
1791 3329 1989 3401 potius.
2014 3331 2220 3382 Douu.

1486 3416 1582 3474 44.
1607 3410 1836 3481 Utroque.
1869 3407 1955 3460 Ad
1985 3409 2176 3461 alteras
2201 3407 2338 3463 aedes
2363 3409 2433 3463 ab

1401 3490 1583 3543 alteris
1612 3501 1935 3542 commeatus
1965 3489 2308 3542 continuatus
2339 3503 2436 3545 est.

1402 3568 1533 3622 vid.
1556 3569 1771 3634 Mi1.11,
1800 3568 1853 3621 5.
1882 3569 2114 3621 Tuum.

1487 3650 1582 3713 45.
1619 3650 1803 3700 Lucet-o
1851 3647 1992 3700 diem.
2052 3648 2292 3700 Nimium
2344 3647 2438 3703 diu

1400 3730 1619 3800 loquor,
1648 3741 1701 3781 et
1725 3728 1982 3781 verbosus
2004 3724 2114 3778 diei
2136 3727 2436 3781 molestiam

1402 3828 1527 3862 creo
1553 3828 1565 3860 z
1617 3820 1776 3877 atque
1825 3806 1897 3859 ita
1947 3807 2107 3859 stulte
2149 3807 2435 3876 garriendo

1405 3905 1527 3940 eum
1567 3886 1836 3940 excrucio.
1858 3886 2046 3938 Tuan.
2073 3916 2153 3927 --
2171 3885 2440 3939 Secundum

1406 3972 1502 4025 ire,
1534 3966 1684 4037 sequi
1713 3977 1807 4017 est.
1837 3962 1966 4017 vid.
1999 3965 2116 4017 Mil.
2145 3968 2245 4032 IV,
2281 3967 2332 4020 8.

1494 4065 1542 4098 1.
1569 4045 1742 4098 Libros
1764 4045 1962 4114 inspexi.
1995 4046 2124 4116 Sup.
2147 4046 2216 4107 Π,
2255 4065 2302 4109 a,
2341 4048 2437 4116 75.

1498 4144 1550 4178 2.
1593 4126 1802 4194 Regem,
1845 4124 2206 4195 Epignomum
2233 4125 2324 4197 qui
2358 4145 2446 4180 me

1413 4205 1527 4259 alit.
1554 4204 1705 4260 Asin.
1724 4206 1802 4271 V,
1837 4226 1864 4259 a
1887 4242 1906 4271 ,
1952 4208 2045 4273 69.
