3067 5017
541 439 694 526 624
1181 439 1281 506 M.
1335 433 1634 506 ACCII
1682 433 2078 504 PLAUTI

541 583 678 628 non
707 557 789 626 ad
818 554 1015 624 finem
1033 553 1341 648 perduxit
1357 603 1374 634 ,
1399 557 1586 645 operi
1606 557 2005 620 immortuus
2021 555 2105 620 ad
2118 553 2517 621 Comoediam
2535 579 2701 622 xm:

541 663 722 734 unde
753 666 892 746 ejus
921 663 1166 752 collega
1185 709 1204 743 ,
1229 664 1360 727 Jae.
1401 661 1649 743 Helias,
1674 660 2009 750 professor
2044 661 2285 727 Graecae
2308 662 2549 752 linguae
2592 685 2703 727 re-

541 776 686 863 gius
703 821 722 854 ,
743 791 884 836 eam
903 791 982 834 ex
1007 767 1416 858 autographo
1447 765 1745 836 defuncti
1774 767 2082 848 absolvit,
2116 768 2321 856 quiet
2344 791 2461 832 sua
2496 770 2706 832 multa

541 879 624 945 ad
655 901 798 944 eam
827 871 1187 942 ornandam
1223 873 1523 938 eontulit.
1557 873 1917 962 Utriusque
1948 895 2153 962 opera
2188 891 2515 963 quantum
2558 874 2704 964 pla·

540 985 750 1052 cuerit
781 979 1085 1064 eruditis,
1105 1001 1184 1045 ex
1209 979 1452 1044 crebris
1487 979 1626 1060 ejus
1659 978 2161 1068 repetitionibus
2196 979 2507 1070 colligere
2526 981 2703 1046 lieet.

541 1092 640 1156 Cf.
673 1087 751 1154 de
785 1088 958 1152 Bure
993 1089 1037 1152 l.
1061 1109 1118 1152 c.
1146 1105 1213 1150 n.
1253 1083 1452 1172 2569.

638 1195 804 1283 1577
849 1209 916 1258 et
971 1192 1138 1281 1578
1189 1189 1530 1281 Lugduni,
1596 1189 1709 1256 fol.
1742 1190 1835 1256 M.
1879 1191 2115 1255 Accius
2146 1190 2417 1256 Plautus
2448 1213 2531 1255 ex
2564 1190 2699 1258 fide

543 1319 740 1392 atque
771 1300 1158 1366 auctoritate
1191 1297 1637 1386 complurium
1670 1297 2273 1386 manuscriptorum
2312 1319 2513 1386 opera
2532 1299 2695 1362 Dio·

543 1427 685 1494 nyS.
710 1401 1010 1468 Lambini
1033 1398 1378 1466 Monstrol.
1407 1398 1791 1464 emendatus
1820 1422 1839 1464 ε
1868 1399 1951 1464 ab
1972 1397 2339 1488 eodemque
2364 1422 2703 1465 commen·-

542 1511 720 1574 tariis
753 1507 1124 1597 explicatus.
1163 1507 1378 1595 (Caett.
1413 1522 1490 1569 ut
1521 1505 1588 1568 in
1624 1505 1819 1570 titulo
1854 1504 1957 1570 ed.
1988 1504 2463 1594 praecedentis.)
2496 1505 2563 1570 N
2568 1529 2703 1572 unc

542 1617 766 1687 denuo
813 1611 1149 1704 plurimis»,
1214 1635 1360 1700 quae
1395 1613 1464 1676 in
1505 1613 1791 1702 priorem
1846 1611 2206 1676 editionem
2256 1613 2655 1702 irrepserant
2678 1660 2701 1694 ,

545 1717 800 1786 mendis
835 1734 1259 1810 expurgatus,
1299 1718 1659 1806 multisque
1689 1719 1762 1782 in
1796 1716 1953 1782 locis
1988 1718 2055 1782 in
2096 1719 2367 1807 gratiam
2397 1720 2701 1806 antiqua·
2754 1810 2764 1814 -

545 1829 802 1892 riorum'
833 1826 1210 1889 illustratus».
1259 1822 1601 1912 Lugduni,
1638 1824 1935 1911 expensis
1964 1823 2280 1889 Guilelmi
2309 1825 2699 1889 Hertmann.

545 1934 693 1998 vid.
723 1932 1088 1997 Harlesium
1127 1932 1167 1994 l.
1203 1930 1248 1994 l.
1283 1951 1428 2018 pag.
1466 1953 1597 1994 210
1618 1977 1639 2014 ,
1680 1930 1795 2018 qui
1834 1930 2007 1994 hanc
2040 1953 2273 2019 parum
2318 1928 2583 1996 differre
2612 1931 2699 1994 ab

543 2037 828 2104 editione
863 2037 1067 2126 priori
1101 2032 1470 2124 profitetur.

642 2143 810 2232 1578
849 2141 1170 2224 Coloniae,
1206 2141 1322 2206 fol.
1355 2141 1623 2206 Plautus
1662 2163 1743 2206 ex
1774 2139 2233 2207 emendatione
2266 2143 2699 2228 Diem-Lam·-

544 2250 703 2314 bini.
746 2251 900 2315 Ace.
939 2247 1082 2311 loca
1137 2246 1436 2312 Plautina
1484 2269 1564 2312 ex
1624 2247 1913 2334 antiquis
1970 2248 2260 2313 Gratum.
2314 2249 2563 2312 delecta
2632 2265 2701 2313 et

545 2351 1030 2418 emendationes
1063 2350 1360 2415 locorum
1395 2352 1757 2416 multorum
1792 2352 2004 2417 Plauti
2026 2397 2047 2432 ,
2093 2375 2173 2418 ex
2206 2354 2491 2441 antiquis
2523 2353 2699 2418 lectt.

542 2460 602 2523 J.
623 2457 840 2546 Lipaii.
865 2493 956 2508 --
973 2456 1082 2520 Sic
1109 2455 1300 2519 estin
1332 2455 1528 2520 Catal.
1559 2456 1722 2520 Bibl.
1750 2457 2217 2522 Schwarzianae
2238 2458 2489 2522 Altorfii
2528 2457 2698 2545 1753

543 2563 888 2630 divendita
924 2564 994 2628 P.
1025 2565 1094 2643 I,
1137 2583 1199 2650 p.
1243 2561 1404 2644 103,
1441 2586 1509 2629 n.
1545 2566 1737 2649 1724.
1772 2563 1901 2628 Sed
1934 2587 2035 2654 ap.
2070 2566 2589 2655 Hambergerum
2624 2567 2697 2630 in

539 2669 1024 2757 zuverlaessigen
1057 2668 1119 2732 N
1121 2668 1498 2732 achriebten
1516 2715 1534 2750 ,
1580 2685 1703 2732 etc.
1741 2685 1791 2734 t.
1846 2671 1876 2732 Ι
1895 2716 1913 2751 ,
1956 2694 2020 2758 Ρ.
2062 2669 2195 2758 376
2230 2672 2292 2736 ei
2336 2672 2703 2762 assignatur

541 2799 756 2840 annus
794 2773 988 2862 1577,
1016 2790 1083 2837 et
1103 2774 1344 2838 venalis
1374 2797 1513 2840 esse
1550 2774 1792 2839 dicitur
1816 2799 1921 2865 ap.
1952 2777 2696 2868 Guil.He1-tmann‚qui
2815 2795 2825 2803 ’

542 2881 646 2946 ed.
683 2882 958 2970 partitus
996 2879 1275 2946 videtur.

637 2986 800 3052 1581
840 2986 1186 3076 Lugduni,
1223 3009 1325 3075 ap.
1355 2990 1506 3053 Ant.
1539 2935 1954 3077 Gryphium,
1988 2991 2089 3054 in·
2061 2990 2161 3056 -.8
2202 2989 2411 3056 Plauti
2442 2995 2699 3057 Comoe-

539 3092 664 3158 diae
703 3095 874 3157 XX.
913 3094 1100 3156 variae
1145 3095 1322 3158 lectt.
1368 3097 1444 3158 ae
1475 3111 1649 3160 notae
1698 3117 1781 3160 ex
1804 3097 1893 3161 Ι).
1932 3097 2236 3161 Lambini
2282 3099 2695 3186 aliorumque

540 3201 804 3266 doctiss.
836 3181 1140 3276 virorum,
1163 3203 1645 3268 commentariis
1678 3225 1803 3268 suo
1834 3227 2110 3293 quoeque
2137 3206 2287 3270 loco
2324 3205 2689 3295 adscriptae.

539 3309 848 3372 Servatur
875 3307 944 3370 in
978 3306 1118 3371 Bib.
1153 3307 1382 3372 Ducali
1415 3308 1681 3396 Bipont.

835 3414 958 3500 Ap.
990 3411 1166 3476 Petr.
1201 3413 1849 3496 Sunt-Andreanum,
1888 3415 2065 3498 ixa-8,
2094 3439 2247 3481 eum
2285 3418 2475 3483 variis
2510 3418 2690 3482 lectt.

535 3537 606 3584 et
638 3521 812 3584 notis
850 3515 1186 3600 Lambini,
1171 3543 1185 3557 ·
1225 3541 1372 3607 quae
1403 3521 1507 3585 vel
1550 3521 1951 3586 Genevensis
1986 3523 2093 3587 vel
2127 3523 2691 3613 Heidelbergensis

535 3626 799 3690 dicitur.

633 3731 798 3818 1587
842 3731 1129 3812 Parisiis,
1161 3729 1276 3794 fol.
1311 3732 1659 3807 Lambini,
1696 3757 1803 3822 ap.
1840 3735 2176 3802 Macaeum.

550 3877 560 3884 -
621 3871 802 3890 νοω-ω·
833 3836 1174 3926 Lugduni,
1205 3837 1308 3898 in—
1279 3840 1386 3919 ·-,4
1423 3837 1601 3927 apud
1640 3839 1859 3908 Sanct·
1860 3841 2322 3926 Andreanum,
2368 3811 2689 3909 Lambini.

539 3941 734 4007 Haud
771 3941 1024 4006 diversa
1065 3941 1326 4006 videtur
1354 3967 1391 4006 a
1425 3965 1565 4031 seq.

621 4085 800 4100 ·—--
817 4049 1062 4115 Genev.
1097 4050 1258 4129 ἱππ-4.
1289 4049 1571 4116 Eadem:
1600 4077 1799 4141 quam
1831 4057 2031 4120 refert
2060 4055 2417 4120 Fabricius·

627 4153 794 4222 1588
841 4157 1262 4245 Antwerpiae,
1282 4157 1495 4224 in-32.
1523 4158 1615 4225 M.
1634 4160 1795 4226 Acci
1822 4161 2035 4226 Plauti
2059 4160 2407 4228 Comoediae
2428 4160 2682 4250 viginti.
