3067 5017
318 3364 333 3399 S

911 422 1266 491 ACTUS
1315 424 1431 507 ΙΙ,
1482 420 1821 490 ΞΟΕΝΑ
1871 422 1956 487 V.
2372 422 2516 516 477

348 550 467 618 Ex·
482 546 713 615 animo
736 556 927 627 sunt,
954 540 1507 636 crucianturq'ue!
1543 542 1816 636 edepol,
1849 542 2287 611 conmentiim
2317 541 2516 610 male.

354 662 725 749 Quomque
754 677 897 721 eain
932 677 1075 719 rem
1098 654 1164 719 in
1188 652 1391 721 corde
1406 652 1588 747 agito
1611 653 1822 720 nimio
1844 654 2062 720 minus
2084 652 2518 746 perhibemur

352 766 557 835 Malae
597 764 801 858 quam
844 762 1388 856 sumus'ingenio
1418 787 1435 831 ε
1469 788 1600 857 ego
1631 762 1851 857 prima
1881 762 2062 831 domi
2093 763 2294 831 modo
2323 761 2521 832 docta

661 872 926 941 dictito.
1793 876 1798 879 ’

358 985 636 1070 Quanta
652 994 754 1049 est
778 1004 939 1048 cura
956 981 1024 1047 in
1046 980 1305 1067 anim0‚
1324 996 1654 1074 quantum
1683 981 1885 1049 corde
1906 983 2102 1075 capio
2117 982 2444 1070 dolorem,
2501 1004 2526 1043 ⁵

355 1093 583 1165 Dolus
614 1117 701 1160 ne
733 1090 1003 1159 obcidat
1037 1104 1254 1159 morte
1289 1087 1517 1184 pueri!
1553 1105 1768 1158 mater
1803 1091 1980 1159 dicta
2009 1092 2193 1186 quod
2227 1118 2374 1161 sum
2397 1147 2414 1179 ,
2447 1085 2528 1163 ed

664 1226 878 1294 magis

359 1312 621 1385 Studeo
644 1312 797 1379 vitae
815 1364 833 1397 ‚
857 1336 1003 1404 quae
1036 1335 1198 1379 ausa
1232 1335 1379 1379 sum
1406 1326 1672 1381 tantum
1699 1296 1874 1381 clam
1902 1312 2132 1382 dolum
2158 1312 2524 1406 adgrediri.

359 1422 574 1495 Lucri
604 1446 803 1491 causa
838 1446 1036 1489 avara
1072 1422 1399 1514 probrum
1435 1448 1585 1492 sum
1620 1439 1955 1508 exsecuta3
1981 1423 2236 1491 alienos
2259 1410 2526 1489 delores

362 1534 543 1603 Mihi
571 1532 937 1625 subposivi.
957 1530 1234 1601 Nullam
1260 1558 1401 1600 rem
1432 1549 1698 1627 oportet
1733 1532 1963 1602 dolose
1995 1533 2330 1628 adgrediri
2350 1587 2369 1619 ‚
2401 1528 2530 1600 nisi

376 1647 621 1713 Astute
650 1640 1101 1735 adcurateque
1128 1667 1509 1735 exsequere.
1541 1648 1821 1714 Vosmet
1849 1645 1988 1736 jam
2027 1644 2304 1729 videtiS‚
2483 1676 2534 1702 ιο

374 1755 491 1822 Ut·
516 1767 755 1819 ornata
798 1751 1073 1838 inced03
1118 1753 1478 1847 puerperio
1526 1779 1652 1849 ego
1702 1754 1884 1821 nu‘nc
1928 1779 2034 1822 me
2075 1778 2230 1823 ‘esse
2279 1774 2526 1846 aegram
2594 1786 2602 1798 =

672 1860 1029 1929 adsimulo,

366 1972 554 2045 Male
579 1972 758 2066 quod
778 1972 1019 2040 mulier
1042 1971 1259 2041 facere
1280 1975 1555 2067 incepit,
1577 1975 1702 2041 nisi
1729 1973 1797 2041 id
1823 1973 2098 2042 ecficere
2127 1986 2473 2067 perpetrat
2489 2026 2508 2058 ‚

366 2085 453 2155 Id
494 2082 589 2151 illi
626 2084 861 2151 morbo
885 2137 903 2170 ,
934 2083 1001 2150 id
1046 2082 1138 2151 illi
1174 2084 1363 2151 senio
1394 2100 1530 2167 est,
1568 2109 1644 2153 ea
1676 2084 1770 2152 illi
1801 2086 2065 2155 miserae
2096 2083 2358 2151 miseria
2375 2081 2478 2151 ’st.

368 2193 447 2263 Si
482 2193 652 2260 hene
690 2190 907 2259 facere
950 2192 1237 2286 incepit,
1278 2194 1424 2286 ejus
1465 2219 1614 2261 eam
1648 2195 1783 2263 cito
1813 2195 2040 2261 odium
2079 2192 2386 2287 percipit.
2508 2186 2519 2199 ’

368 2304 595 2374 Nimis
632 2328 833 2397 quam
873 2306 1100 2396 paucae
1143 2320 1299 2372 sunt
1336 2305 1646 2391 defessae,
1687 2303 1860 2372 male
1899 2330 2045 2397 quae
2086 2303 2302 2372 facere
2338 2304 2536 2371 obce-

676 2428 962 2506 perunt,
2488 2438 2540 2477 ιε

370 2525 599 2596 Nimis
646 2549 849 2617 quam
894 2548 1121 2618 paucae
1162 2524 1510 2613 ecficiunt,
1549 2526 1610 2592 si
1663 2523 1824 2617 quid
1883 2522 2278 2615 obceperint
2328 2524 2536 2591 hene-

676 2632 914 2701 facere.

373 2742 651 2813 Mulieri
680 2744 890 2810 nimio
926 2743 1315 2813 malefacere
1352 2742 1592 2813 melius
1632 2758 1731 2811 est
1767 2766 1972 2823 onus,
2012 2765 2214 2834 quam
2245 2740 2435 2808 bene.
2477 2738 2486 2745 ’

375 2858 525 2949 Ego
545 2909 563 2941 ‚
598 2854 781 2949 quod
812 2853 986 2923 mala
1016 2881 1165 2923 sum
1189 2910 1206 2939 ‚
1236 2858 1469 2925 matris
1506 2878 1711 2948 opera
1743 2852 1923 2921 mala
1951 2876 2100 2921 sum
2124 2905 2141 2937 ‚
2169 2865 2235 2919 et
2273 2866 2538 2943 meapte

676 2963 973 3052 malitia3

378 3076 552 3163 Quae
598 3098 705 3141 me
750 3074 1096 3167 gravidam
1136 3101 1275 3143 esse
1314 3074 1712 3144 adsimulavi
1749 3070 1945 3140 militi
1986 3068 2392 3163 Babyloni0;

376 3186 551 3253 Eam
584 3208 765 3251 nunc
801 3184 1127 3253 malitiam
1160 3187 1552 3255 adcuratam
1589 3183 1781 3253 miles
1820 3182 2120 3249 inveniat
2159 3178 2334 3249 volo,
2489 3214 2539 3240 ιο

468 3345 522 3377 2.
560 3324 874 3377 Conmentum
907 3325 1049 3379 male.
1080 3326 1256 3391 Quam
1297 3346 1418 3380 ver·
1596 3324 1685 3377 15.
1715 3324 1875 3377 Nimis
1903 3340 2043 3393 quam
2060 3341 2252 3389 paucae.
2283 3320 2546 3374 Paucissi-

382 3419 506 3458 sute
534 3416 589 3455 et
610 3405 823 3474 perjure
850 3402 908 3455 id
939 3424 1055 3457 sum
1080 3408 1415 3459 commenta!
1508 3424 1630 3457 mae.
1654 3403 1844 3455 Bacch.
1869 3404 1913 3465 Ι,
1944 3422 1995 3465 2,
2028 3421 2048 3453 1
2065 3400 2114 3452 3.

473 3488 528 3545 4.
556 3484 725 3544 Matoe,
747 3481 800 3534 id
827 3494 933 3550 est,
953 3486 1111 3537 vafrae
1132 3498 1182 3539 et
1202 3498 1414 3539 astutae:
1591 3500 1620 3538 ἰ
1637 3488 1688 3536 6.
1713 3482 1988 3551 Ecficiunt,
2014 3480 2320 3551 perficiunt.

386 3560 664 3633 quomodo
716 3564 859 3614 maloe
908 3556 990 3615 et*
1006 3565 1229 3627 malitiae,
1254 3584 1419 3635 quum
1600 3584 1620 3617 1
1635 3583 1665 3633 7
1681 3602 1692 3616 .
1719 3563 1923 3614 Mulieri
1942 3564 2106 3611 nimio.
2126 3557 2190 3611 Id
2210 3571 2307 3622 est,
2330 3558 2545 3611 mulieri

384 3642 483 3695 hic
504 3642 679 3694 statim
694 3680 709 3705 ,
734 3654 848 3693 tum
864 3643 989 3695 alibi
1012 3646 1224 3713 passim.
1244 3646 1418 3699 Aen).
1444 3680 1451 3685 ·
1510 3645 1682 3696 multo
1699 3642 1908 3694 facilius
1932 3653 2008 3692 est
2032 3640 2366 3703 malefacere,
2384 3658 2544 3709 quam

386 3722 627 3773 --Domi
655 3722 817 3774 docta.
839 3722 1041 3777 Cistell.
1066 3726 1147 3787 11,
1179 3742 1225 3791 1,
1251 3745 1301 3778 2.
1331 3736 1343 3743 ”
1510 3724 1826 3776 benefacere
1875 3743 1885 3772 ε
1939 3720 2079 3771 libri.
2116 3736 2328 3781 omnes,
2379 3731 2435 3769 ut
2491 3730 2544 3769 et

477 3821 529 3872 7.
581 3802 747 3865 Vitoe,
792 3803 993 3855 scilicet
1038 3806 1196 3874 pueri
1223 3844 1239 3870 ,
1272 3808 1423 3875 cujus
1513 3804 1648 3855 MSS
1682 3804 1891 3855 Camer.
1916 3800 1986 3852 ita
2011 3811 2316 3850 constanter
2343 3798 2542 3867 legunt.

392 3899 565 3952 opera
618 3885 785 3932 matn‘s
828 3901 1056 3948 nomen,
1107 3902 1227 3937 meo
1278 3886 1425 3938 bono
1514 3883 1710 3935 Melius
1737 3882 1825 3934 hic
1854 3892 1928 3933 est
1950 3880 2096 3930 levius
2115 3897 2134 3930 .·
2161 3896 2262 3930 nec
2290 3896 2407 3929 onus
2425 3896 2546 3929 mu·

390 3960 659 4023 maximo,
691 3960 889 4014 inveni.
916 3962 1145 4016 Tuum.
1517 3962 1742 4015 tandum
1779 3974 1858 4014 est
1897 3960 1951 4011 in
1991 3977 2145 4029 opus.-
2175 3976 2299 4009 nam
2333 3970 2383 4009 et
2425 3957 2544 4009 Mil.

481 4038 575 4092 13.
605 4040 1002 4104 Morb0‚,malo.
1023 4044 1170 4095 Asin.
1194 4045 1240 4107 1,
1264 4062 1314 4108 1,
1334 4052 1427 4108 4ο.
1521 4043 1604 4094 111
1624 4081 1639 4106 ,
1685 4059 1708 4092 1
1734 4058 1748 4093 :
1783 4042 2100 4093 ..procreare
2144 4038 2368 4094 liberos,
2413 4036 2550 4107 lepi-

398 4117 655 4181 -Senio‚
674 4120 1001 4189 aegritudini.
1018 4120 1187 4175 Stich.
1204 4126 1251 4188 1,
1274 4142 1297 4175 1
1312 4162 1325 4185 ‚
1340 4144 1363 4177 1
1376 4144 1431 4193 9.
1450 4104 1466 4128 x
1524 4121 1655 4175 (lum
1681 4134 1758 4173 est
1781 4138 1916 4172 onus
1937 4144 1958 4165 ι
1973 4158 1983 4169 .
2006 4118 2186 4171 Guu'r.

493 4204 584 4261 14.
610 4198 766 4268 Ejus,
788 4199 933 4270 quod
956 4203 1091 4255 bene
1113 4203 1255 4255 facit.
1615 4203 1702 4254 18.
1735 4201 1910 4253 Matris
1965 4200 2114 4253 Scen.
2147 4204 2176 4262 4
2193 4235 2208 4263 ,
2238 4214 2312 4250 vs.
2336 4205 2426 4266 47.
