3067 5017
791 403 1129 475 ACTUS
1184 405 1305 485 ΙΙ,
1368 405 1703 475 §CENA
1754 406 1902 473 111.

2289 409 2421 502 471

268 546 418 593 Asr.
456 521 638 592 Mihi
681 547 953 619 quoque
996 548 1134 619 prae
1172 524 1572 596 lassitudine
1610 551 1782 621 opus
1823 543 1922 597 est
1957 541 2033 597 ut
2069 526 2304 599 lavem.

262 656 411 704 miv.
450 632 591 701 Sed
622 632 939 720 obsecro,
965 634 1232 723 hercle,
1254 637 1698 731 Astaphium,
1725 638 1748 704 i
1773 637 2001 726 'intr0,
2040 664 2118 709 ac
2153 640 2390 709 nuntia

265 745 383 811 Me
410 743 649 813 adesse
684 770 700 812 :
730 757 806 812 tu
844 744 867 811 i
907 769 1230 839 propere,
1270 761 1338 817 et
1370 746 1577 815 suade
1608 747 1748 839 jam
1773 752 1858 815 'ut
1893 748 2052 817 satis
2089 747 2355 818 laverit.

277 876 425 923 ss‘r.
458 854 677 923 Licet.
716 878 865 925 mlv.
902 854 1149 925 Audin’
1172 856 1413 927 etiam?
1450 881 1598 927 As‘r.
1627 856 1816 947 Quid
1847 858 1982 929 vis?
2014 883 2164 931 miv.
2197 860 2294 930 Di
2325 883 2432 929 me

568 963 889 1057 perduint
904 1017 925 1049 ‚

268 1074 408 1163 Qui
450 1088 521 1142 te
564 1074 915 1143 revocavi:
954 1099 1095 1143 non
1139 1076 1265 1144 tibi
1306 1075 1611 1145 dicebam
1649 1103 1666 1146 z
1701 1077 1724 1143 i
1761 1076 1989 1146 mod0.

268 1208 414 1255 AST.
456 1183 652 1275 Quid
678 1184 820 1276 jam
857 1210 967 1253 me
1006 1186 1399 1273 revocabas,
1442 1187 1730 1281 inprobe
1767 1186 2100 1283 nihilique
2141 1188 2393 1257 homo?

267 1298 443 1387 Quae
490 1295 617 1363 tibi
660 1292 844 1363 mille
878 1319 1199 1390 passuum
1244 1298 1507 1391 peperit
1546 1322 1750 1367 morae
1791 1322 2003 1366 mora.
2023 1316 2162 1373 (abin)

268 1431 421 1475 mlv.
458 1405 595 1475 Sed
629 1405 797 1499 quid
827 1406 967 1475 haec
1004 1406 1157 1477 heic
1191 1421 1417 1475 autem
1457 1408 1717 1475 tamdiu
1755 1422 1912 1475 ante
1949 1407 2148 1477 aedeis
2177 1406 2397 1476 stetit?

264 1516 513 1603 Nescio
548 1539 747 1609 quem
779 1514 1159 1608 praestolata
1175 1514 1292 1603 ’st;
1336 1512 1543 1586 credo
1570 1570 1589 1603 ‚
1623 1515 1926 1587 militem.
2385 1535 2432 1574 ¹⁵

268 1625 450 1695 Illud
489 1640 592 1695 est
622 1626 823 1722 :tvide
856 1642 931 1695 ut
962 1626 1104 1719 jam
1128 1679 1148 1713 ‚
1180 1627 1372 1721 quasi
1414 1626 1729 1715 volturii,
1763 1628 1991 1696 triduo

270 1737 471 1806 Prius
515 1735 1012 1831 praedivinant,
1050 1762 1189 1830 quo
1220 1738 1329 1807 die
1370 1738 1552 1807 esuri
1589 1738 1804 1807 sient.

268 1845 481 1917 Illum
520 1847 786 1915 inhiant
819 1847 1111 1929 onmeis;
1157 1844 1255 1915 illi
1292 1862 1389 1917 est
1427 1848 1694 1917 animus
1732 1847 2068 1916 omnibus,

270 1959 387 2026 Me
426 1982 634 2025 nemo
668 1957 880 2050 magis
913 1956 1257 2050 respiciet,
1306 1957 1420 2025 ubi
1456 1958 1578 2025 iste
1618 1958 1751 2027 huc
1794 1958 2085 2044 venerit,

272 2071 503 2160 Quam
542 2068 596 2135 si
633 2066 793 2133 hinc
838 2066 1163 2135 ducentos
1196 2092 1409 2137 annos
1446 2068 1688 2137 fuerim
1726 2054 2049 2137 mortuus
2100 2132 2104 2137 .

274 2182 371 2248 Ut
413 2179 511 2246 rei
550 2177 797 2245 servire
835 2200 1037 2245 suave
1062 2172 1179 2245 ’sti
1218 2201 1312 2259 vae
1354 2177 1600 2247 misero
1639 2174 1844 2246 mihi!

276 2268 437 2355 Post
476 2286 732 2355 factum
772 2284 1065 2379 plector,
1099 2284 1259 2379 quia
1301 2301 1459 2355 ante
1500 2302 1770 2380 partum
1815 2284 2098 2378 perdidi.

273 2398 535 2465 Verum
581 2418 764 2463 nunc
802 2395 1033 2487 si⁴qua
1072 2395 1244 2463 mihi
1280 2396 1602 2489 obtigerit
1640 2395 1973 2463 hereditas

276 2508 531 2601 Magna
558 2512 769 2600 'atque
800 2501 1179 2587 luculenta,
1224 2531 1407 2575 nunc
1438 2512 1798 2600 postquam
1835 2506 1973 2573 scio

358 2743 415 2793 7.
445 2722 775 2777 Lassitudahe.
809 2720 984 2773 Possit
1000 2753 1018 2785 ‚
1060 2720 1106 2771 si
1145 2720 1276 2773 velit
1290 2759 1307 2785 ,

276 2804 581 2857 Dinarchus
601 2800 901 2872 intelligere
915 2798 1310 2863 lassitudinem,

276 2900 440 2953 quam
480 2883 599 2952 ipse
636 2880 853 2934 mulieri
893 2877 1054 2933 taedio
1099 2899 1197 2933 suo
1238 2878 1311 2933 fe-

278 2963 431 3017 cerit.
457 2962 531 3015 N.
1096 3000 1104 3009 .

366 3061 455 3097 10.
488 3044 646 3093 Licet.
674 3038 816 3092 Rud.
842 3038 944 3103 IV,
970 3042 1027 3104 6,
1051 3041 1109 3092 8.Δ

366 3124 457 3175 13.
485 3120 647 3173 Μαι-ω
677 3138 827 3173 mora.
852 3118 1043 3172 Oratio
1068 3117 1309 3182 concisa,

280 3213 334 3255 et
372 3202 452 3255 sic
482 3198 743 3271 explenda
790 3216 803 3251 τ
842 3199 978 3263 Quae
1013 3216 1165 3251 mora
1194 3206 1339 3257 tan-,

281 3293 395 3333 tum
432 3296 601 3335 morae
628 3279 733 3332 tibi
764 3277 1005 3351 peperit,
1050 3290 1313 3350 quantum

284 3374 361 3414 est
398 3361 551 3413 mille
586 3378 858 3430 passuum.
900 3358 1083 3411 Posset
1118 3370 1183 3411 et·
1210 3357 1315 3427 legi

284 3458 469 3492 moram
488 3480 504 3503 ,
532 3440 617 3491 vel
650 3457 828 3491 moras.
870 3440 1041 3491 Acm.
1068 3466 1148 3481 -—-·
1172 3438 1312 3490 Puto

281 3519 557 3591 scripsisse
608 3519 861 3572 Plautum
912 3540 925 3569 ε
979 3518 1155 3583 «Quae
1214 3516 1315 3569 tibi

282 3601 433 3653 mille
461 3617 709 3671 passuum
740 3597 971 3670 peperit,
996 3616 1173 3655 more,
1199 3615 1317 3649 mo·

283 3698 400 3733 ram
420 3702 483 3731 ιε
528 3679 695 3741 More,
728 3676 791 3731 id
839 3690 917 3731 est
936 3712 953 3741 ‚
1010 3677 1188 3729 stulte.
1236 3676 1318 3729 Ita

286 3775 427 3831 saepe
450 3759 581 3812 alibi
604 3758 744 3812 ludit
768 3758 1023 3811 comicus.
1065 3758 1237 3809 Boxn.

373 3856 397 3889 1
412 3838 464 3891 5.
504 3840 659 3908 Quem
680 3837 971 3909 praestolata
992 3838 1070 3889 'st
1098 3838 1318 3889 Terent.

288 3920 431 3971 Eun.
456 3919 531 3982 V,
577 3918 605 3971 5
646 3936 661 3971 ε
718 3942 743 3966 ι
766 3919 945 3983 Quem
982 3917 1319 3988 praestolare,

290 3997 589 4051 Parmeno?
620 4022 642 4044 ι·
696 3996 787 4051 Ad
830 3996 981 4068 quod
1027 3998 1269 4049 Donatus
1303 4016 1332 4057 ε,

300 4102 323 4124 ι
355 4078 513 4130 Novc
538 4114 555 4140 ‚
616 4096 752 4148 quem
821 4076 991 4141 dixit,
1060 4095 1170 4128 non
1244 4079 1326 4127 cui

294 4157 612 4227 proestolare
642 4182 690 4209 ιι.
757 4156 949 4211 Cicero
998 4156 1055 4209 in
1100 4156 1317 4210 catilin.

1402 2746 1425 2767 «
1454 2721 1565 2785 Qui
1597 2719 1698 2773 tihi
1741 2718 1810 2772 ad
1841 2718 2020 2771 forum
2057 2717 2425 2789 praestolaren-

1396 2813 1484 2853 tur
1512 2826 1559 2851 ι.
1608 2799 1828 2853 Notavit
1875 2800 2003 2852 item
2049 2798 2389 2869 Eugraphius
2409 2837 2425 2865 ,
2449 2823 2454 2827 -

1393 2892 1546 2933 vetus
1567 2880 1810 2933 Terentii
1829 2890 2246 2932 commentator:
2279 2880 2422 2931 1²1·oe-

1392 2960 1564 3025 ποῖον,
1591 2971 1672 3012 est
1697 2970 1868 3029 praeto
1889 2978 2005 3011 sum
2023 2994 2037 3021 ‚
2067 2976 2298 3029 appareo
2316 2998 2332 3023 ,
2362 2956 2422 3011 id

1396 3052 1501 3104 est,
1525 3039 1813 3109 obsequor.
1841 3038 2067 3091 Tuum.

1484 3122 1576 3173 18.
1615 3119 1706 3171 Illi
1742 3130 1844 3181 est,
1889 3119 1946 3170 in
1989 3117 2146 3169 illum
2187 3117 2426 3169 intentus

1398 3211 1493 3252 est.
1518 3200 1588 3253 N.

1481 3298 1509 3330 2
1525 3301 1543 3330 ι
1557 3318 1571 3331 .
1609 3268 1680 3331 Ui
1701 3280 1771 3329 rei
1797 3278 1988 3328 servi-re.
2013 3276 2175 3329 Illum
2197 3273 2426 3346 poenitet

1398 3356 1547 3430 quod
1597 3358 1838 3428 negotio'
1869 3356 2046 3408 minus
2100 3373 2260 3426 quam
2315 3356 2427 3409 otio

1396 3456 1618 3511 operam
1639 3434 1867 3489 dederit.
1891 3435 1978 3487 cf.
2003 3433 2155 3486 Trin.
2175 3436 2250 3499 11,
2285 3453 2336 3499 1,
2373 3434 2427 3489 5.

1402 3551 1406 3555 -
1484 3538 1580 3571 αα.
1603 3518 1730 3569 Post
1743 3518 1938 3585 factum
1959 3509 2165 3586 plector.
2207 3514 2428 3567 Frustra

1399 3599 1623 3652 Gruter.
1637 3598 1838 3669 flector,
1865 3597 2251 3665 interpretatur
2275 3619 2298 3641 ι
2315 3585 2431 3647 sen·

1401 3678 1623 3731 tentiam
1641 3689 1794 3730 muto
1815 3700 1838 3723 ι
1852 3717 1864 3728 .
1883 3676 2100 3727 Plautus
2117 3692 2230 3726 non
2253 3672 2434 3743 potuit

1400 3757 1556 3810 aliter
1618 3756 1796 3809 dicere
1849 3774 2012 3826 quam
2061 3754 2263 3825 plector.
2335 3754 2430 3807 Est

1403 3838 1547 3889 enim
1573 3838 1688 3889 haec
1709 3836 1940 3889 formula
1957 3834 2202 3887 meritam
2219 3851 2433 3904 poenam

1402 3930 1525 3987 post
1563 3917 1761 3969 factum
1787 3914 2138 3984 agnoscentis.
2177 3912 2440 3969 Phadrut
2529 3938 2536 3953 ν

1405 3997 1513 4049 fab.
1555 3995 1627 4064 39
1658 4016 1670 4046 x
1706 4020 1728 4043 ι
1749 3996 1894 4047 Tum
1929 3992 1998 4046 de
2037 3992 2258 4064 reliquis
2288 4012 2432 4049 una:

1406 4074 1605 4128 Merito
1627 4074 1914 4145 plectimur
1927 4076 2189 4126 m--Ame
2202 4087 2398 4145 parrum
2414 4114 2436 4138 ,

1409 4155 1468 4210 id
1505 4167 1616 4222 est,
1647 4154 2054 4226 patrimonium.
2093 4154 2264 4226 Supra
2294 4156 2348 4221 1,
2381 4172 2434 4209 ι.
