3067 5017
542 421 684 510 540
1175 428 1272 498 Μ.
1322 426 1622 496 Accu
1671 417 2066 496 PLAUTI

535 548 797 620 Ibidem
834 573 961 645 ego
998 573 1219 621 meam
1257 573 1531 643 operam
1577 549 1878 645 perdidi,
1921 549 2038 617 ubi
2078 563 2154 618 tu
2190 563 2398 618 tuam.

540 660 787 730 Videas
820 659 1141 730 mercedis
1178 659 1341 755 quid
1381 660 1504 728 tibi
1542 675 1644 730 est
1677 685 1942 754 aequom
1988 658 2135 730 dari
2149 711 2173 745 „

542 773 650 841 Ne
692 771 856 840 istac
892 785 1086 840 aetate
1122 795 1231 839 me
1268 786 1517 840 sectere
1561 771 1817 864 gratiis.
2645 789 2702 828 ιε

538 877 847 974 Ulyssem
888 879 1110 950 audivi
1147 877 1349 950 fuisse
1386 882 2087 964 aerumnosissumum‚

540 989 679 1077 Qui
721 989 917 1058 annis
955 989 1199 1084 viginti
1236 1015 1469 1060 errans
1507 1015 1547 1060 a
1587 991 1815 1086 patria
1859 988 2122 1058 abfuit:

538 1101 794 1169 'Verum
839 1098 952 1197 hic
989 1098 1379 1170 adulescens
1413 1099 1628 1171 multo
1658 1099 1968 1195 Ulyssem
1998 1101 2213 1169 anteit
2233 1153 2254 1184 ‚

418 1233 444 1309 Ἰ
538 1210 681 1299 Qui
720 1208 924 1278 inlico
966 1225 1147 1278 errat
1182 1211 1358 1280 intra
1396 1236 1628 1281 muros
1663 1211 1932 1280 civicos.

630 1372 726 1426 18.
774 1370 961 1423 Ibidem
994 1389 1107 1442 ego.
1163 1370 1331 1442 Apud
1370 1370 1586 1426 Charis.
1623 1367 1712 1424 ed.
1745 1361 1964 1424 Puteoli.
1991 1389 2051 1441 p.
2086 1371 2219 1424 181.

1451 1563 1758 1633 MILES.

532 1743 637 1810 Ita
679 1765 801 1810 nos
843 1754 1278 1836 nostramque
1322 1739 1646 1810 familiam
1685 1740 1893 1810 habes
1934 1738 2322 1810 exercitam.

531 1849 801 1920 Modice
836 1851 1036 1945 sapis.

622 2052 674 2088 1.
708 2033 791 2086 Ita
831 2044 1076 2097 noser-am,
1126 2031 1276 2106 apud
1310 2016 1566 2104 Fulgenl.
1655 2031 1753 2085 bat
1777 2031 1837 2084 in
1869 2029 2119 2085 ultimam
2158 2049 2370 2085 scenam
2410 2050 2547 2085 vers.
2587 2052 2662 2102 ²9
2684 2072 2701 2098 ,

536 2133 591 2166 v.
612 2117 868 2167 ewen-citus.
1657 2115 1814 2182 magis
1839 2115 1988 2183 sapis.
2013 2110 2123 2165 Sed
2144 2111 2322 2165 verius
2349 2124 2429 2164 est
2443 2150 2460 2178 ,
2486 2111 2667 2182 inquit
2681 2146 2700 2175 ‚

614 2214 667 2246 a.
702 2191 897 2246 Modice
920 2193 1069 2263 sapis.
1100 2185 1424 2246 Gulielmius
1455 2192 1570 2246 fru·
1654 2191 1908 2246 habuisse
1936 2191 2180 2246 Nonium
2213 2192 2272 2244 in
2299 2191 2482 2245 animo
2513 2193 2700 2246 locum

532 2285 677 2326 stum
704 2271 847 2326 istud
879 2273 1095 2343 aptabat
1134 2284 1237 2325 act.
1274 2273 1349 2337 V,
1389 2291 1465 2326 sc.
1500 2280 1533 2337 4
1551 2310 1568 2336 ,
1658 2273 1761 2339 IV,
1792 2270 1822 2325 5
1845 2310 1862 2336 ,
1885 2291 1966 2327 vs.
1989 2273 2081 2333 15,
2107 2294 2132 2317 ι
2157 2284 2210 2325 at
2233 2270 2448 2325 modice
2471 2270 2630 2326 decet
2646 2297 2699 2324 ι.

532 2371 610 2407 vs.
637 2353 733 2408 53.
759 2352 838 2406 At
857 2353 891 2405 J
894 2351 1031 2406 osias
1059 2352 1334 2406 Mercerus
1357 2352 1570 2424 rejicie-
1657 2353 1887 2407 Tuum.
2689 2381 2697 2388 ·

1170 2633 1175 2638 ,
1261 2555 1936 2625 MOSTELLARIA.

526 2773 685 2842 Sine
714 2770 907 2866 juxta
943 2795 1130 2840 aram
1168 2769 1469 2856 sedeam,
1503 2784 1572 2840 et
1615 2770 1790 2840 dabo
1828 2769 2108 2840 meliora
2143 2769 2448 2840 consilia.

617 2979 669 3014 1.
695 2958 1008 3030 Sine-juxta.
1048 2957 1358 3032 Secund-um
1404 2958 1563 3012 Plau·
1651 2959 1810 3031 quasi
1852 2957 2072 3013 considio
2113 2957 2257 3012 dicta
2296 2971 2444 3012 sunt.
2468 2924 2693 3029 ⁸*Seden-

528 3053 643 3093 tum
676 3039 839 3092 sedere
878 3052 956 3092 est
995 3037 1281 3092 consilium
1324 3057 1516 3109 cepere
1547 3061 1561 3090 :
1653 3040 1794 3092 tium
1859 3039 2004 3092 euim
2071 3039 2236 3093 animi
2291 3038 2696 3110 tranquilliores

530 3139 656 3174 nam
698 3133 755 3174 et
800 3119 919 3191 ipsa
962 3118 1167 3172 consilia
1214 3138 1245 3173 a
1292 3115 1566 3184 sedendo,
1653 3119 1815 3173 flunt.
1847 3119 2016 3174 Snnv.

1344 3323 1852 3394 POENULUS.

525 3500 902 3592 Inportuna
947 3498 1087 3567 avis
1130 3497 1313 3567 venit
1349 3500 1638 3593 vesperi.

615 3687 669 3723 1.
692 3669 961 3740 lupos-tuna
982 3672 1113 3738 avis,
1138 3688 1225 3741 ap.
1250 3667 1554 3753 Chai-isium
1585 3688 1646 3740 p.
1673 3688 1804 3741 197.

1325 3861 1885 3932 PSEUDOLUS.

525 4021 673 4097 Nisi
717 4043 1046 4091 carcerem
1086 4019 1447 4116 aliquando
1484 4020 1898 4117 ecfregeritis
1936 4035 2229 4090 vostram
2275 4021 2574 4092 domum.

621 4230 669 4264 1.
695 4210 814 4265 Nisa·
831 4227 1087 4277 canerem,
1108 4224 1211 4266 etc.
1238 4210 1385 4284 apud
1410 4211 1561 4267 Serv.
1587 4210 1659 4266 ad
1679 4215 1802 4267 AEn.
1822 4209 1876 4277 1,
1913 4229 1934 4264 ι
1950 4211 2043 4279 39.
