3067 5017
611 379 748 455 552
1376 380 1983 470 QUEROLUS‚

612 507 809 575 dente
829 556 848 593 ,
882 528 1069 590 cave,
1102 502 1383 571 abstine.
1413 526 1622 585 Qunn.
1657 506 1874 571 Immo
1907 516 1980 571 tu
2015 525 2192 571 cave.
2229 526 2368 572 mn
2394 526 2569 573 EAM.
2601 504 2759 600 Ego

601 615 742 710 jam
780 614 1111 710 prospexi.
1170 636 1379 695 QUER.
1429 612 1772 702 Quidnam
1823 612 1954 681 hoc
1995 627 2094 680 est
2131 614 2580 707 praestigium?
2609 640 2752 685 ΒΑΕ

607 748 786 795 ΒΑΜ.
830 722 1150 818 Apagesis
1184 721 1388 790 homo
1432 722 1872 815 ineptissime,
1916 722 2026 790 hic
2058 720 2320 791 nullum
2363 739 2462 792 est
2491 726 2750 817 praesti-
2807 799 2818 813 ,

614 836 825 930 gium.
854 834 1153 920 Desiste,
1198 832 1325 900 nisi
1358 833 1664 925 excipere
1700 832 1912 899 mavis
1951 832 2126 912 trina
2163 828 2428 926 pariter
2453 832 2749 904 vulnera.

616 968 828 1029 szn.
863 948 1090 1030 Attat,
1133 940 1513 1013 verosimile
1557 966 1700 1010 esse
1749 942 1934 1010 hunc
1972 942 2195 1010 nescio
2238 966 2437 1035 quem
2497 942 2580 1011 de
2625 942 2751 1012 ali-

618 1054 875 1149 quibus,
906 1052 1011 1123 vel
1049 1052 1264 1148 geniis
1299 1050 1403 1122 vel
1448 1052 1827 1145 mysteriis:
1879 1052 2000 1121 iste
2045 1051 2436 1121 seminudus
2475 1052 2754 1131 dealba-

615 1181 856 1259 tusque
874 1163 1151 1249 incedit,
1168 1178 1313 1233 toto
1336 1160 1642 1257 splendet
1671 1186 1977 1256 corpore.
1997 1165 2187 1257 Euge
2211 1166 2346 1231 Lar
2369 1158 2751 1251 familiaris,

532 1362 548 1375 s
606 1276 983 1370 processisti
1023 1272 1224 1344 hodie
1263 1272 1516 1367 pulcre.
1557 1270 1689 1341 Sed
1725 1296 1862 1339 non
1900 1285 2117 1339 totum
2154 1270 2500 1367 intellego.
2543 1272 2754 1361 Quod

606 1384 997 1457 seminudus
1034 1410 1143 1471 eS‚
1174 1406 1582 1478 recognosco
1614 1407 1630 1450 ε
1661 1381 1842 1451 unde
1871 1379 2214 1450 dealbatus
2235 1435 2254 1469 ,
2290 1382 2535 1451 nescio,
2577 1385 2757 1476 Ego-

601 1512 741 1567 met
771 1495 1169 1592 jamdudum
1210 1494 1392 1590 apud
1432 1493 1862 1563 carbonarias
1905 1516 2103 1588 agere
2155 1507 2220 1559 te
2264 1492 2629 1585 putabam:
2677 1507 2754 1561 tu

603 1608 686 1679 de
713 1607 1011 1703 pistrinis
1030 1606 1236 1675 veniS.
1258 1629 1395 1675 Lm
1424 1628 1604 1675 Ι-ἈΜ.
1633 1604 1795 1692 Hei,
1825 1604 2026 1692 etiam
2054 1601 2236 1671 istud
2259 1601 2341 1671 de
2372 1628 2545 1686 me0‚
2566 1602 2753 1697 quod

604 1720 677 1787 in
713 1718 905 1787 malis
942 1719 1075 1786 tuis
1102 1714 1430 1789 conmode
1452 1716 1722 1808 jocaris.
1767 1713 1946 1785 Audi
1986 1704 2166 1784 nunc
2191 1714 2356 1807 jam.
2396 1718 2755 1783 Permovet

602 1842 893 1916 nosmet,
928 1824 1261 1917 Querole,
1300 1840 1415 1895 tua
1446 1825 1756 1920 quamvis
1787 1825 2004 1894 inanis
2034 1826 2478 1919 querimonia.
2527 1824 2752 1894 Idciro

600 1940 830 2033 itaque
872 1938 1058 2023 veni,
1120 1950 1195 2007 ut
1235 1936 1409 2005 ratio
1453 1936 1578 2005 tihi
1621 1960 1704 2003 ex
1763 1935 2030 2029 integro
2087 1935 2508 2021 redderetur,
2567 1934 2752 2029 quod

604 2043 861 2117 nemini
896 2045 1180 2115 antehac
1225 2045 1535 2139 contigit.
1584 2068 1798 2127 QUER.
1843 2045 2086 2113 Tibine
2137 2047 2465 2115 rationem
2526 2045 2753 2115 rerum

605 2156 1057 2229 humanarum
1095 2155 1350 2227 licitum
1390 2170 1489 2223 est
1524 2180 1720 2237 nosse
1759 2168 1961 2247 atque
2001 2154 2381 2249 exponere?
2413 2178 2551 2223 Lm
2577 2177 2752 2221 ΡΑΜ.

548 2280 553 2305 ²
602 2270 691 2337 Et
726 2270 877 2337 novi
910 2282 977 2337 et
1002 2268 1231 2336 doce0.
1261 2266 1554 2335 Proinde
1580 2264 1920 2359 quidquid.
1933 2265 2169 2335 exinde
2194 2267 2526 2359 quereriS‚
2552 2264 2754 2332 hodie

603 2381 825 2449 totum
888 2377 1282 2473 expromit0.
1338 2399 1546 2460 Quen.
1608 2377 1773 2445 Dies
1829 2366 2097 2445 dee-'ficiet
2145 2392 2324 2445 ante.
2391 2400 2531 2445 LAR
2572 2398 2748 2444 EAM.

600 2490 904 2561 Breviter
942 2512 1259 2583 percurre
1293 2512 1503 2581 pauca
1523 2540 1545 2572 ,
1577 2487 1658 2555 de
1691 2486 1936 2581 quibus
1964 2512 2148 2555 nunc
2178 2486 2298 2555 tibi
2328 2500 2751 2580 exponantur

602 2600 851 2669 omnia.
907 2622 1119 2682 szn.
1174 2600 1409 2667 Unum
1458 2595 1672 2667 solum
1721 2612 1865 2687 est,
1925 2597 2106 2667 unde
2153 2597 2539 2693 responderi
2583 2596 2751 2671 mihi

604 2709 777 2791 volo,
833 2711 1063 2800 Quare
1114 2709 1378 2801 injustis
1415 2708 1588 2776 bene
1624 2722 1726 2777 est
1771 2725 1838 2778 et
1879 2710 2076 2802 justis
2111 2708 2329 2781 male?
2383 2733 2526 2783 LAR
2569 2732 2748 2780 ΕΔΜ.

602 2821 948 2903 Primum,
1001 2833 1077 2887 ut
1134 2818 1316 2911 apud
1370 2832 1630 2887 vosmet
1673 2818 1819 2887 fieri
1883 2820 2118 2908 video,
2177 2820 2260 2888 de
2313 2844 2600 2914 persona
2651 2832 2753 2887 est

602 2931 905 3026 quaesti0.
958 2929 1245 3000 Cuinam
1305 2943 1379 2997 tu
1428 2929 1628 2997 verba
1677 2929 1978 3024 promis?
2028 2932 2270 3000 Tibine
2309 2956 2396 2999 an
2452 2928 2754 3024 populo?

604 3064 821 3123 QUER.
854 3042 941 3107 Et
972 3036 1225 3132 populo
1254 3050 1322 3107 et
1361 3037 1550 3108 mihi.
1581 3062 1722 3107 ιΑΒ
1749 3064 1923 3110 EAM.
1954 3041 2185 3130 Quum
2221 3056 2296 3109 tu
2329 3041 2452 3109 tibi
2484 3044 2624 3134 ipse
2661 3042 2748 3108 sis

601 3174 793 3236 rem,
847 3148 1415 3242 quemadmodum
1455 3149 1614 3218 satis
1641 3148 1926 3243 aliisque
1962 3149 2194 3221 multis
2233 3151 2649 3220 defensorem
2687 3165 2750 3219 te
2833 3225 2835 3227 ,

601 3256 851 3353 paras?
890 3280 1127 3361 ouen..
1162 3261 1311 3351 Ego
1351 3260 1509 3327 novi
1554 3284 1745 3329 reum
1793 3286 1902 3329 me
1957 3287 2096 3332 non
2143 3286 2307 3331 esse.
2379 3286 2518 3331 Lan
2560 3286 2746 3331 -ΕΑΜ,

596 3372 779 3463 Ergo
816 3368 1095 3462 posthac
1130 3370 1409 3439 assertio
1444 3370 1844 3439 conticescet
1863 3423 1883 3458 ,
1921 3372 1974 3439 si
2013 3395 2298 3465 persona
2342 3370 2744 3466 exploditur.

600 3483 793 3551 Inter
835 3479 1050 3549 bonos
1088 3505 1174 3549 an
1215 3480 1391 3549 inter
1430 3479 1648 3549 malos.
1683 3496 1816 3549 tete
1866 3483 2232 3551 numeras?
2270 3506 2482 3565 Quen.
2527 3483 2748 3551 Etiam

602 3590 987 3685 quaeritaS,q
1006 3589 1125 3659 uid
1151 3590 1588 3684 mihimetipsi
1603 3590 1859 3678 videar,
1895 3617 2110 3685 quum
2139 3592 2231 3661 de-
2257 3592 2548 3663 scelestis
2587 3616 2749 3660 con-

600 3699 893 3795 querar?
944 3726 1089 3771 Lan
1140 3725 1316 3771 EAM.
1365 3702 1439 3773 si
1479 3701 1734 3796 probo,
1774 3702 1858 3773 de
1899 3702 2036 3799 illis.
2076 3717 2209 3772 tete
2245 3728 2384 3772 esse
2427 3727 2608 3796 quos.
2637 3727 2748 3770 ac-

598 3836 825 3899 cusas,
884 3812 1015 3881 hoc
1054 3826 1153 3881 est
1178 3866 1197 3899 ‚
1249 3810 1331 3880 de
1382 3808 1607 3898 maliS,
1644 3838 1778 3906 pro,
1817 3814 2066 3907 quibus
2104 3814 2384 3908 posthac
2435 3811 2749 3907 loquere?

596 3946 813 4004 thn.
853 3922 925 3992 Si
960 3923 1394 3993 criminosum
1424 3948 1702 3991 me-esse
1744 3924 2112 3991 conviceris
2134 3978 2152 4010 ,
2184 3948 2450 3991 necesse
2483 3938 2584 3990 est
2619 3945 2748 4007 me-
2843 3970 2848 3975 -

596 4031 742 4105 ritis
786 4045 861 4098 ut
910 4035 1073 4101 meis
1122 4057 1388 4103 sensum
1426 4032 1952 4117 accommodem.
2011 4056 2152 4102 ΕΑΒ
2193 4058 2370 4103 ΒΑΜ.
2423 4031 2775 4102 Celeriter,

590 4167 773 4216 nuuc
810 4140 975 4213 mihi
1024 4144 1402 4237 responde,.
1438 4142 1773 4237 Querole‚
1815 4158 2068 4238 quanta
2100 4144 2238 4238 jam
2283 4158 2478 4239 putas
2515 4141 2748 4213 fecisse
