3067 5017
604 474 732 519 ω
1328 444 2004 530 PsEUDoLUS,

588 573 870 653 Lamos,
900 569 1019 665 qui
1052 568 1211 639 item
1248 580 1325 639 ut
1355 594 1477 639 nos
1496 567 1790 662 jurando
1821 568 1974 661 jure
2001 565 2182 635 malo
2215 581 2527 661 quaerunt
2555 592 2698 638 rem
2719 622 2744 655 ,

882 679 1093 749 audi:

588 792 735 865 Nisi
780 790 1084 861 carnaria
1127 788 1259 857 tria
1296 788 1577 883 grandia
1615 786 1994 881 tergoribus
2025 787 2212 855 oneri
2250 787 2438 857 uberi
2477 786 2674 855 hodie

589 901 763 973 Mihi
778 915 1007 985 erunt,
1027 923 1171 969 eras
1187 912 1251 967 te
1270 899 1459 991 quasi
1476 896 1755 968 Dircam
1774 894 1939 965 olim
1957 948 1978 981 ,
1993 910 2070 965 ut
2088 911 2495 982 memorant,
2517 895 2654 964 duo
2683 919 2738 957 σε

592 1012 805 1085 Gnati
848 1012 1035 1081 Jovis
1070 1009 1428 1079 devinxere
1464 1007 1550 1077 ad
1589 1022 1856 1077 taurum
1880 1061 1900 1093 ,
1943 1008 2137 1093 item,
2171 1007 2376 1077 hodie
2409 1006 2738 1100 stringam

882 1118 970 1188 ad
1011 1119 1390 1188 carnarium
1425 1144 1440 1185 ε
1484 1117 1556 1185 id
1607 1118 1730 1186 tibi

589 1230 904 1304 Profecto
932 1244 1163 1299 taurus
1198 1228 1338 1299 flet.
1372 1252 1622 1299 Psssun.
1662 1228 1882 1299 Nimis
1917 1252 2224 1299 sermone
2252 1227 2456 1322 hujus
2491 1229 2588 1297 ira
2629 1229 2740 1297 in-

886 1340 1161 1411 cendor.

586 1450 935 1521 Hunccine
970 1450 1125 1519 heic
1156 1449 1502 1519 hominem
1539 1447 1680 1541 pati
1712 1445 1930 1516 colere
1954 1446 2380 1539 juventutem
2403 1446 2745 1517 Atticam?

588 1565 726 1637 Ubi
765 1576 952 1648 sunt,
984 1562 1113 1629 'ubi
1154 1558 1398 1647 latent,
1434 1561 1684 1655 quibus
1729 1573 1886 1629 aetas
1924 1559 2182 1654 integra
2201 1556 2314 1644 ’st‚
2349 1560 2466 1652 qui
2509 1574 2742 1627 amant

880 1696 918 1739 a
964 1670 1248 1739 lenone?

589 1782 777 1871 Quin
815 1781 1266 1867 conveniunt,
1319 1780 1487 1873 quin
1526 1804 1663 1848 una
1710 1780 1969 1848 omneis
2004 1794 2193 1874 peste
2243 1780 2370 1849 hac
2412 1778 2739 1873 populum

879 1891 1063 1959 hunc
1113 1889 1450 1959 liberant?
2683 1922 2744 1962 70

584 2001 719 2071 Sed
765 2000 965 2068 nimis
999 2025 1149 2068 sum
1194 1997 1470 2087 stultuS‚
1510 2000 1799 2069 nimium
1842 1999 1940 2068 fui
1973 1999 2326 2087 indoctus;
2357 2024 2446 2067 ne
2489 1996 2582 2066 illi
2615 2022 2740 2065 au-

886 2110 1089 2179 deant

586 2221 667 2291 Id
710 2220 960 2305 facere,
1000 2221 1249 2314 quibus
1289 2234 1365 2289 ut
1408 2222 1699 2290 serviant
1745 2246 1904 2289 suus
1950 2246 2139 2289 amor
2175 2221 2397 2314 cogit,
2439 2217 2636 2288 simul

589 2331 948 2416 Prohibet,
989 2330 1238 2400 faciant
1273 2331 1638 2401 advorsum
1673 2356 1786 2401 eos
1825 2332 2011 2426 quod
2055 2330 2315 2400 volunt.
2349 2354 2513 2401 οη..
2542 2330 2693 2399 Vah
2721 2385 2742 2415 ,

883 2457 1047 2511 tace.
1096 2465 1339 2511 Psmm.
1380 2442 1572 2533 Quid
1610 2440 1761 2511 est?

590 2576 749 2622 cu..
778 2548 961 2623 Male
978 2552 1357 2645 morigerus
1384 2551 1556 2621 male
1582 2552 1745 2621 facis
1775 2552 1942 2620 mihi
1960 2604 1979 2636 ,
2009 2577 2216 2646 quom
2245 2576 2554 2621 sermone
2579 2551 2742 2619 huic

685 2738 697 2743 ,
886 2661 1197 2731 obsoniis·
1234 2686 1485 2731 psum.
1520 2668 1760 2732 Taceo.

588 2796 743 2843 cu..
796 2775 890 2841 At
938 2786 1158 2841 taceas
1198 2770 1376 2840 malo
1414 2771 1667 2860 multo,
1713 2798 1918 2868 quam
1957 2787 2177 2842 tacere
2219 2787 2283 2841 te
2325 2772 2530 2841 dicaS.
2575 2796 2737 2840 Lm«.

873 2883 981 2949 Tu
1034 2895 1258 2949 autem

672 3004 766 3065 64.
797 3002 848 3053 T
841 3000 1108 3069 erg-oribus.
1124 3000 1252 3053 vid.
1279 3001 1490 3071 Captiv.
1511 3003 1614 3069 IV,

592 3079 626 3133 3
644 3119 661 3147 ,
690 3100 741 3133 2.
768 3112 850 3122 —
873 3080 1028 3133 Oneri
1051 3080 1199 3133 uberi.
1234 3082 1323 3135 Sic
1347 3085 1487 3152 parti
1514 3102 1617 3152 pro

585 3172 754 3231 parte,
781 3172 883 3213 etc.
932 3160 1087 3212 Onera·
1113 3162 1193 3213 ub.
1216 3159 1254 3213 i.
1278 3180 1324 3213 e.
1347 3160 1617 3215 abnndan-

590 3253 673 3294 ter
696 3252 904 3291 onusta.
1486 3288 1499 3301 ‚

670 3320 767 3374 65.
784 3320 1009 3371 Dircam.
1034 3318 1231 3372 Zethus
1252 3330 1306 3372 et
1321 3320 1619 3389 Amphion,

590 3400 743 3453 Jovis
798 3418 863 3451 ex
912 3398 1149 3470 Antiopa
1196 3399 1324 3462 filii,
1380 3401 1579 3453 Dircen
1601 3440 1617 3466 ,

592 3498 753 3551 quam
784 3480 987 3549 Lycus,
1016 3480 1251 3549 Antiopa
1284 3498 1469 3533 eorum
1505 3498 1618 3531 ma-

586 3572 669 3613 tre
694 3560 888 3629 ejecta,
922 3577 1145 3613 uxorem
1180 3558 1442 3627 duxerat,
1474 3578 1616 3631 quc·

594 3655 701 3710 que
721 3638 1013 3708 Antiopam
1047 3638 1103 3689 in
1131 3640 1342 3692 vincula
1378 3641 1618 3711 conjece·

591 3730 676 3771 rat
694 3754 709 3779 ,
741 3716 921 3771 caudae
958 3718 1111 3773 bovis
1154 3717 1405 3773 indomiti
1442 3719 1618 3789 alliga-

595 3798 754 3861 runt',
825 3798 1145 3869 Lycumque
1210 3798 1615 3852 interfecerunt.

594 3876 883 3929 Pastum.

678 3959 769 4009 66.
792 3954 1043 4026 Str-iugum
1068 3957 1141 4009 ad
1169 3976 1305 4010 cara.
1344 3968 1399 4010 te
1428 3954 1619 4010 devin-

592 4034 733 4089 ciam
760 4034 827 4087 ad
856 4038 1182 4092 carnarium.
1222 4036 1617 4091 Paronomasiae

592 4114 738 4169 lusus
775 4116 861 4168 hic
909 4114 995 4174 fit,
1035 4135 1143 4188 quo
1184 4118 1311 4171 leno
1354 4117 1618 4189 significet

594 4195 976 4250 carnificinam.

2688 2909 2740 2957 75

1801 3004 1896 3057 68.
1921 3004 2044 3055 Pan·
2061 3001 2230 3055 colere.
2252 3002 2454 3066 Colere,
2479 3003 2742 3064 absolute,

1717 3101 1817 3151 pro
1845 3082 2075 3148 incolere,
2125 3095 2178 3135 et
2226 3081 2418 3153 degere
2458 3081 2641 3153 aliquo
2679 3084 2740 3135 in

1711 3162 1854 3215 loco.

1797 3245 1889 3309 69.
1937 3243 2040 3310 Qui
2085 3253 2254 3293 amant
2293 3262 2324 3294 a
2370 3242 2553 3294 lenone.
2593 3241 2740 3295 Vide

1714 3322 2009 3383 Poenul.V‚
2047 3342 2108 3385 α,
2145 3322 2278 3375 132.

1796 3418 1891 3471 71.
1927 3401 2008 3455 Nc
2051 3402 2128 3453 itti
2169 3401 2399 3455 αιιᾰοακε.
2443 3401 2498 3452 J.
2533 3400 2734 3455 Guliel.

1714 3479 1920 3534 Acidal.
1957 3494 2011 3534 et
2049 3480 2278 3550 Popmn,
2317 3482 2466 3533 aiunt
2499 3493 2742 3533 anastro-

1713 3562 1855 3632 phen
1879 3578 1990 3614 esse
2005 3593 2022 3621 ,
2043 3578 2145 3630 pro
2167 3561 2316 3613 illiue.
2328 3562 2546 3615 Terent.
2567 3560 2734 3614 Andr.

1719 3667 1741 3689 ι
1759 3639 1956 3694 Audivi
1991 3643 2103 3711 jam
2131 3640 2333 3692 omnin.
2353 3668 2434 3683 --
2461 3640 2548 3693 Ah
2579 3658 2648 3693 ne
2678 3654 2739 3693 tu

1715 3719 1944 3773 omnia?
1992 3746 2014 3767 ι
2073 3718 2130 3773 id
2190 3731 2270 3773 est
2299 3756 2318 3782 ‚
2373 3719 2544 3773 tune?
2603 3720 2738 3773 vid.

1715 3800 1898 3851 Aulul.
1927 3799 2142 3871 Prolog.
2171 3799 2405 3852 Tuscu.

1800 3898 1894 3949 7².
1921 3879 2128 3945 Quibus.
2149 3879 2272 3931 Non
2301 3878 2506 3943 ausint,
2531 3876 2616 3931 vel
2649 3896 2743 3931 au-

1717 3958 1822 4011 sint
1847 3977 1919 4010 ne
1945 3960 2166 4030 juvenes
2214 3958 2272 4011 id
2317 3960 2490 4013 facere
2535 3957 2745 4011 lenoni-

1715 4037 1847 4102 bus,
1871 4038 2068 4109 quibus
2091 4038 2350 4103 serviant,
2373 4050 2478 4091 etc.

1798 4117 1891 4187 75.
1937 4118 2080 4171 Malo
2123 4118 2304 4182 multo,
2352 4117 2524 4171 multo
2571 4118 2746 4188 magis

1713 4208 1862 4269 opto.
1892 4196 2022 4250 vid.
2051 4198 2198 4251 Poen.
2218 4199 2264 4263 Ι,
2295 4214 2350 4262 2,
2385 4196 2481 4265 5ο,
2517 4197 2610 4253 83.
