3067 5017
627 431 724 510 80
1405 429 1732 498 POENU
1749 429 1987 517 LUS,

625 558 716 624 Et
753 555 807 622 si
842 551 1006 648 quid
1043 575 1215 646 opus
1250 565 1382 637 est,
1417 575 1645 644 quaeso
1666 603 1685 635 ‚
1732 549 1841 620 dic
1880 567 2087 646 atque
2122 553 2391 648 inperat,
2717 577 2771 616 3ο

617 662 1094 765 Popularitatis
1129 685 1348 730 causa.
1389 684 1563 730 ΒΑΝ.
1601 661 1835 732 Habeo
1870 663 2179 757 gratiam.

615 780 876 847 Verum
917 797 1046 869 ego
1078 771 1633 866 heichospitium
1668 772 1883 841 habeo
1924 800 1939 842 t
1986 775 2360 848 Antidamae
2396 775 2615 851 filium

618 890 870 977 Quaero
893 940 913 974 ,
953 898 1413 968 conmonstra‚
1451 883 1502 950 si
1548 883 1837 976 gnovisti
1878 885 2407 977 Agorastoclem.

613 1003 914 1094 Ecquem
959 994 1448 1064 adulescentem
1485 1008 1563 1061 tu
1601 995 1747 1062 heic
1784 995 2075 1087 gnovisti
2112 996 2666 1090 Agorastoclem?

618 1132 830 1180 Aeon.
849 1105 1190 1201 Siquidem
1207 1120 1282 1174 tu
1302 1103 1674 1174 Antidamae
1702 1103 1851 1172 heic
1877 1106 2121 1200 quaeris
2138 1106 2618 1200 adoptatitium
2636 1163 2659 1197 ‚
2700 1131 2755 1175 οε

613 1223 760 1315 Ego
807 1243 953 1288 sum
997 1218 1217 1310 ipsu3‚
1257 1237 1455 1309 quem
1508 1228 1583 1282 tu
1618 1215 1883 1308 quaeris.
1946 1237 2115 1287 nm.
2157 1214 2369 1288 Hem!
2418 1219 2585 1312 quid
2626 1243 2773 1315 ego.

905 1331 1158 1402 audio?
2207 1419 2213 1426 ἡ

611 1469 826 1517 Aeon.
851 1441 1224 1513 Antidamae
1251 1454 1528 1534 gnatum
1549 1465 1657 1508 me
1676 1465 1837 1509 esse.
1868 1463 2047 1510 mm.
2070 1441 2145 1510 Si
2175 1442 2265 1510 ita
2286 1457 2417 1529 est,
2438 1456 2760 1516 tesseram
2854 1523 2867 1538 ‚

607 1555 938 1628 Conferre
976 1553 1030 1622 si
1065 1553 1166 1624 vis
1202 1549 1603 1643 hospitalem
1624 1603 1642 1636 ,
1690 1573 1916 1618 eccam
1952 1550 2187 1620 adtuli.

600 1689 818 1738 Aeon.
847 1661 1150 1757 Agedum
1175 1714 1193 1742 ‚
1232 1661 1364 1731 huc
1401 1660 1717 1729 ostende:
1758 1675 1857 1729 est
1900 1683 2024 1754 par
2061 1662 2305 1756 probe3
2337 1687 2495 1732 nam
2532 1663 2756 1736 habeo

900 1773 1107 1842 domi.

603 1913 783 1957 BAN.
810 1891 876 1956 Ο
901 1886 996 1953 mi
1027 1884 1301 1976 hospes,
1326 1880 1501 1948 salve
1530 1881 1859 1964 multum:
1894 1905 2053 1950 nam
2080 1881 2247 1952 mihi
2276 1897 2432 1952 tuus
2460 1895 2677 1977 pater,
2702 1917 2759 1958 9⁰

597 2001 801 2066 Pater
831 2012 986 2065 tuus
1014 2017 1212 2086 erg0,
1251 1991 1494 2084 hospes
1526 1989 1920 2060 Antidamas
1956 1991 2123 2078 fuit3

596 2114 757 2178 Haec
801 2107 968 2175 mihi
1007 2100 1354 2198 hospitalis
1400 2117 1647 2170 tessera
1684 2127 1837 2170 cum
1883 2099 1999 2170 illo
2039 2101 2189 2169 fuit.

596 2242 816 2289 Aeon.
855 2220 1035 2312 Ergo
1077 2214 1228 2282 heic
1261 2212 1444 2306 apud
1486 2237 1593 2280 me
1636 2212 2005 2305 hospitium
2050 2211 2173 2280 tibi
2212 2211 2643 2305 praebebitur.

509 2339 515 2345 ’
591 2334 767 2402 Nam
806 2325 988 2395 haud
1034 2324 1312 2419 repudio
1351 2323 1719 2417 hospitium
1744 2377 1763 2408 ‚
1802 2347 2021 2416 neque
2054 2323 2536 2417 Carthaginem
2567 2347 2587 2410 ;

591 2439 762 2511 Inde
790 2463 936 2507 sum
966 2434 1314 2505 oriundus.
1348 2455 1523 2503 ΗΛΝ.
1549 2435 1639 2503 Di
1674 2433 1835 2500 dent
1856 2434 1978 2501 tibi
2012 2435 2271 2502 omneis
2294 2451 2455 2527 ‘quae
2484 2430 2669 2504 velis,
2700 2453 2753 2494 ⁹⁵

595 2549 785 2639 Quid
820 2547 960 2616 ais?
997 2546 1116 2642 qui
1159 2546 1380 2639 potuit
1424 2544 1609 2629 fieri,
1656 2560 1731 2612 ut
1766 2544 2165 2638 Carthagini

589 2664 857 2731 Gnatus
895 2659 1012 2742 sis;
1051 2657 1200 2725 heic
1233 2669 1456 2723 autem
1490 2654 1787 2722 habuisti
1820 2653 2117 2723 AEtolum
2152 2653 2461 2747 patrem?

594 2796 813 2840 Aeon.
863 2768 1237 2860 Subreptus
1276 2789 1424 2843 sum
1459 2763 1647 2833 illinc
1685 2792 1700 2833 z
1748 2765 1899 2834 heic
1933 2791 2041 2834 me
2078 2760 2475 2836 Antidamas
2505 2763 2751 2858 hospes

885 2892 1042 2946 tuus

586 2989 767 3062 Emit
795 3044 814 3078 ‚
856 3003 924 3056 et
956 2988 1011 3054 is
1049 3010 1158 3054 me
1203 2985 1329 3052 sibi
1377 2984 1727 3077 adoptavit
1765 2983 2007 3052 filium.

586 3125 766 3172 ΗΑΝ.
811 3097 1196 3168 Demarcho
1241 3096 1402 3166 item
1440 3095 1583 3187 ipse
1620 3093 1749 3162 fuit
1786 3093 2245 3192 adoptatitius.

581 3211 713 3284 Sed
750 3210 943 3277 mitto
982 3206 1063 3274 de
1101 3204 1246 3289 illo,
1281 3219 1348 3272 et
1386 3205 1471 3272 ad
1511 3220 1576 3272 te
1614 3204 1865 3272 redeo:
1904 3204 2013 3272 dic
2050 3203 2251 3288 mihi,

583 3318 844 3414 Ecquid
887 3315 1247 3386 meministi
1279 3329 1474 3383 tuum
1510 3329 1869 3408 parentum
1912 3314 2235 3416 nomina?

585 3454 798 3500 Aeon.
825 3426 1044 3526 Patris
1059 3439 1262 3520 atque
1277 3425 1510 3493 matris
1529 3425 1831 3494 memini.
1858 3448 2033 3498 ΗΑΝ.
2060 3421 2531 3496 Memoradum
2544 3423 2744 3499 mihi:

576 3540 653 3609 Si
703 3536 906 3634 gnovi
949 3534 1154 3622 forte,
1194 3549 1313 3602 aut
1358 3535 1412 3603 si
1453 3549 1613 3602 sunt
1656 3535 1974 3628 congnati
2014 3534 2203 3602 mihi.

667 3703 759 3754 81.
781 3699 1136 3770 popularitatis
1151 3735 1168 3762 ‚
1190 3695 1316 3768 quia
1343 3677 1620 3767 popularis
1706 3695 2079 3768 gligentiorem
2104 3694 2256 3766 voigi
2282 3711 2587 3750 termonem
2612 3694 2741 3751 infi-

578 3799 643 3833 ‹es
669 3797 840 3834 meus.
1706 3789 1904 3840 tantur,
1934 3793 2169 3846 quornm
2196 3775 2280 3827 vis
2312 3775 2522 3829 occulta
2555 3794 2743 3844 γεωμι-

663 3863 757 3928 89.
788 3859 885 3909 Est
905 3877 1008 3928 par
1026 3856 1194 3928 probe.
1219 3855 1368 3909 Vide
1393 3869 1509 3908 not.
1540 3853 1611 3908 25
1704 3863 1879 3927 τρικῶς
1916 3853 2128 3909 ostendi
2168 3873 2281 3908 nnn
2320 3865 2515 3925 potest.
2544 3856 2740 3925 cujul-

579 3957 730 3993 scen.
763 3956 923 4009 proec.
1706 3933 1854 3989 modi
1886 3936 1975 3988 hic
2000 3938 2059 3988 τὸ
2090 3953 2225 4004 ergo.
2256 3934 2373 3987 Mil.
2408 3935 2515 3998 IV,
2557 3947 2608 3997 π,
2641 3952 2738 4003 77,

665 4038 756 4088 91.
773 4019 928 4070 Pater
948 4029 1055 4069 tuus
1077 4035 1214 4086 ergo,
1247 4013 1307 4067 id
1327 4027 1434 4079 est,
1459 4027 1617 4086 pater
1704 4019 1847 4067 sicut.
1882 4016 2105 4068 Mercat.
2142 4016 2173 4068 1
2190 4053 2209 4079 ,
2242 4035 2273 4066 α
2292 4055 2308 4079 ,
2358 4033 2425 4083 9,
2462 4024 2639 4068 autem.
2666 4013 2741 4066 Et

583 4111 744 4163 tuus,
778 4099 996 4169 inquam
1025 4115 1038 4149 :
1068 4096 1272 4150 scilicet
1302 4107 1430 4148 sunt
1467 4113 1615 4164 quae-
1704 4095 1841 4148 ibid.
1864 4096 1946 4158 ΙΙ,
1976 4115 2005 4147 2
2023 4134 2037 4159 ‚
2064 4097 2165 4163 39,
2186 4113 2325 4163 ergo.
2358 4093 2553 4158 Persa,
2582 4094 2657 4157 H,
2682 4110 2736 4157 a,

585 4178 711 4232 dam
737 4177 996 4234 vocabula
1023 4176 1077 4229 in
1110 4175 1326 4228 comicis
1342 4212 1366 4240 r
1393 4175 1490 4247 qui
1515 4193 1613 4228 ne·
1708 4177 1804 4244 39,
1828 4175 1971 4227 hodie
1993 4193 2013 4227 .-
2036 4187 2091 4227 et
2112 4175 2273 4245 hujus
2292 4172 2501 4244 generis
2520 4172 2643 4230 alia.
2670 4171 2733 4226 L.
