3067 5017
617 464 756 563 196
1337 460 2019 545 PSEUD'OLUS,

607 588 771 660 Illos
807 584 1278 673 adcubanteis,
1316 587 1689 679 potenteis»,
1725 588 2085 672 amanteis,
2110 608 2266 656 cum
2294 589 2532 660 scortis
2704 612 2766 653 2⁵

612 699 916 795 Reliqui,
939 710 1004 767 et
1031 720 1256 765 meum
1289 711 1589 765 scortum
1614 696 1859 765 ibidem
1878 748 1901 779 ,
1928 696 2117 765 cordi
2138 710 2341 791 atque
2372 698 2597 767 animo
2624 724 2760 769 suo

613 807 1102 903 Obsequenteis
1150 832 1166 875 ε
1211 805 1328 875 sed
1366 820 1722 900 postquam
1766 806 2141 893 exsurrexi,
2202 821 2400 875 orant
2448 808 2605 877 med
2650 812 2759 879 uti

905 916 1162 987 saltem.

604 1031 714 1101 Ad
741 1030 924 1099 hunc
953 1052 1064 1097 me
1097 1022 1609 1095 modum'intuli
1629 1074 1650 1110 ,
1682 1038 1758 1094 ut
1794 1023 1925 1093 illis
1954 1024 2407 1095 satisfacerem
2442 1052 2523 1095 ex
2548 1028 2757 1097 disci-

899 1136 1085 1232 plina
1115 1190 1135 1225 ,
1173 1136 1426 1229 quippe
1465 1160 1593 1229 ego

605 1246 744 1335 Qui
781 1245 991 1340 probe
1025 1244 1254 1313 Ionica
1294 1243 1624 1338 perdidici
1658 1270 1678 1333 ;
1715 1242 1829 1313 sed
1867 1242 2262 1337 palliolatim
2299 1248 2581 1317 amictus

601 1358 714 1426 Sic
747 1356 876 1425 hac
921 1354 1158 1425 incessi
1196 1352 1611 1424 ludibundus
1653 1380 1671 1423 ε
1716 1352 2049 1449 plaudunt
2084 1357 2367 1449 partim3
2399 1356 2758 1428 clamitant

895 1488 1004 1533 me
1035 1479 1114 1533 ut
1150 1478 1474 1533 revortar.
2337 1524 2345 1533 .
2696 1490 2755 1529 ³0

603 1575 864 1671 Obcepi
909 1574 1132 1643 denuo
1169 1572 1299 1643 hoc
1337 1572 1543 1643 modo
1584 1572 1761 1643 volvi
1794 1601 1811 1643 :
1856 1574 2031 1644 idem
2072 1574 2301 1643 amicae
2345 1576 2583 1646 dabam
2638 1606 2755 1649 me

897 1708 1100 1767 meze,
1616 1699 1623 1709 '

599 1798 697 1864 Ut
719 1818 827 1862 me
841 1805 1093 1861 amaret
1116 1816 1131 1859 :
1162 1792 1277 1860 ubi
1295 1792 1810 1880 circumvortor,
1832 1793 2039 1863 cado:
2069 1792 2136 1861 id
2162 1793 2293 1863 fuit
2314 1798 2529 1867 naenia
2550 1796 2743 1869 ludo,

597 1908 836 1998 Itaque
871 1903 1035 1971 dum
1073 1902 1327 1989 enitor,
1369 1900 1542 1997 pax!
1586 1903 1727 1996 jam
1778 1928 1969 1997 paene
2008 1904 2357 1997 inquinavi
2400 1906 2685 2001 pallium
2718 1936 2737 1979 ε

896 2014 1120 2080 nuniae
1165 2026 1310 2080 tum

601 2124 990 2217 Voluptati,
1025 2121 1304 2216 edepol,
1330 2122 1430 2192 fui
1467 2123 1557 2190 ob
1595 2147 1861 2210 casum3
1896 2122 2097 2193 datur
2130 2126 2529 2215 cantharus,
2556 2128 2748 2198 bibi:

894 2246 1216 2300 conmuto

597 2341 812 2413 Inlico
837 2339 1150 2437 pallium,
1177 2340 1347 2411 illud
1376 2344 1633 2439 posivi:
1662 2336 1817 2413 inde
1846 2342 1980 2413 huc
2004 2342 2174 2431 exii,
2198 2344 2543 2439 crapulam
2578 2346 2746 2419 dum

895 2477 1276 2521 amoverem
1289 2454 1308 2520 .“
2698 2478 2753 2521 ³⁵

685 2678 774 2733 25.
810 2679 956 2740 Illos..
991 2676 1327 2731 Callidorum
1358 2690 1414 2731 et
1443 2678 1631 2731 Chari-

587 2776 752 2813 num.

687 2854 778 2907 27.
807 2837 897 2891 Usa·
917 2836 1102 2889 saltem.
1138 2835 1338 2890 Saltare
1361 2835 1418 2889 in
1441 2836 1629 2890 convi-

599 2917 692 2971 vio
727 2917 1064 2971 ebriosorum
1095 2916 1215 2969 fuit.
1251 2916 1443 2969 Cicero
1485 2913 1629 2969 indi·

599 2995 887 3067 gnabunde
923 2994 1128 3049 crimen
1167 3014 1199 3047 a
1243 2996 1494 3067 Deiotaro
1538 2994 1631 3049 de-

603 3076 755 3147 pellit
782 3072 930 3147 quod
962 3087 1130 3146 potus
1167 3088 1325 3127 exuta
1356 3087 1500 3129 veste
1527 3075 1627 3127 sal-

585 3144 830 3209 <auisset
849 3155 920 3207 N.

686 3238 777 3289 28.
818 3233 911 3286 Ad
933 3233 1072 3285 anc
1114 3232 1322 3287 modaem.
1359 3232 1630 3287 Videlicet

598 3312 824 3370 saltandi
847 3312 1154 3383 exemplum
1181 3311 1388 3367 edebat.

687 3393 992 3463 29.‚1‚0m·‹=a.
1015 3390 1147 3444 Vid.
1171 3392 1337 3447 Stich.
1358 3394 1430 3458 V,
1470 3411 1524 3463 7.
1550 3423 1629 3435 —-

600 3473 924 3529 Palliolata'm·
946 3470 1155 3525 Tunica
1191 3471 1460 3543 palliolata
1494 3472 1631 3523 mix-

600 3566 718 3609 tum
757 3564 837 3605 est
875 3569 1042 3622 genus
1077 3552 1270 3614 vestis,
1316 3565 1368 3605 et
1396 3553 1630 3605 'formam

598 3628 1002 3704 quodammodo
1057 3630 1294 3685 referens
1346 3644 1406 3683 et
1470 3648 1629 3683 usum

639 3725 854 3765 restans
876 3708 1102 3764 duarum
1123 3749 1138 3774 ,
1166 3711 1360 3763 tunicoe
1381 3722 1437 3765 ct
1456 3709 1623 3780 pallii.

595 3816 600 3825 ’
656 3804 842 3863 traque
859 3790 1015 3843 vestit
1037 3802 1145 3842 tam
1172 3789 1453 3843 muliebris
1466 3807 1628 3859 quam

597 3871 788 3924 virilis.
810 3871 943 3935 Quae
969 3887 1080 3923 non
1107 3869 1246 3922 male
1273 3868 1428 3941 palla
1455 3869 1629 3921 mani-

597 3963 727 4005 cata
746 3950 1020 4013 dicuntur,
1039 3948 1235 4020 quibus
1253 3960 1512 4001 matrona
1532 3945 1629 4001 do·

595 4031 670 4083 mi
698 4042 954 4095 utuntur,
983 4039 1048 4081 -ct
1074 4028 1302 4082 mantelia
1327 4027 1625 4081 cubicularia

593 4122 803 4164 vocant.
828 4108 1063 4161 Cunna.

1714 2698 2099 2751 servumagere
2111 2693 2355 2751 apparet,
2366 2700 2527 2753 quam
2544 2701 2574 2735 a
2596 2702 2657 2736 se
2668 2684 2750 2739 in·

1716 2771 1999 2813 stauratam
2020 2761 2093 2813 ait
2112 2759 2437 2831 flagitatione
2458 2760 2749 2829 sodalium,

1716 2852 1772 2891 et
1796 2851 1857 2891 ut
1882 2839 2065 2893 amico
2090 2858 2195 2893 suo
2219 2840 2391 2894 bellus
2416 2842 2651 2897 amasius
2672 2843 2749 2897 vi·

1714 2916 1949 2972 deretur.
1972 2918 2048 2972 Ea
2072 2936 2226 2973 causa
2248 2936 2359 2973 non
2384 2918 2615 2978 dubium
2644 2922 2747 2975 mi·

1714 2997 1772 3051 hi
1790 3036 1807 3063 ‚
1852 2997 1981 3068 quin
2010 3012 2155 3053 recte
2193 3002 2513 3053 correxerim
2534 3019 2548 3054 ε
2588 3028 2617 3051 α
2642 3002 2750 3055 Ob-

1716 3076 1836 3147 cepi
1902 3075 2083 3130 denuo
2144 3076 2251 3129 hoc
2301 3078 2467 3131 modo
2515 3081 2665 3135 volvi
2702 3106 2743 3135 ο.

1715 3157 1748 3208 J
1753 3196 1769 3210 .
1822 3156 1966 3209 Gm..
2014 3186 2096 3197 -—
2160 3158 2218 3209 V
2212 3157 2312 3212 olm·
2324 3194 2341 3219 ,
2390 3159 2745 3215 Homericum

1715 3231 2060 3293 κυλινδεῖσθαι.

1798 3314 1895 3369 32,
1930 3314 1997 3367 Id
2024 3316 2137 3383 fuit
2174 3318 2335 3371 noenia
2380 3317 2513 3370 ludo.
2556 3318 2743 3389 Inepti

1718 3407 1843 3449 sunt
1878 3394 2229 3466 interpretes,
2276 3396 2369 3467 qui
2413 3396 2741 3451 Pseudolum

1715 3475 1821 3527 hoc
1842 3474 1979 3527 velle
2010 3476 2221 3527 volunt:
2248 3477 2291 3529 is
2308 3495 2459 3531 casus
2482 3490 2676 3533 cantus
2690 3489 2743 3530 et

1714 3552 1963 3606 carminis
1986 3554 2151 3607 vicem
2176 3554 2297 3607 fuit.
2322 3557 2439 3609 lmo
2461 3556 2569 3611 hoo
2590 3558 2737 3611 vult:

1716 3633 1763 3685 is
1782 3651 1931 3687 maus
1954 3633 2083 3687 huic
2108 3632 2239 3687 ludo
2266 3654 2389 3688 meo
2412 3636 2572 3691 finem
2600 3637 2739 3689 fecit.

1716 3712 1921 3765 Notum
1958 3724 2063 3779 est,
2097 3714 2324 3767 naeniam
2368 3716 2487 3767 cani
2529 3717 2740 3769 solitam

1715 3793 1779 3845 ii·
1794 3831 1811 3855 ,
1832 3792 1922 3863 qui
1946 3792 2398 3847 finierant-vitam.
2422 3793 2557 3847 Inde
2576 3807 2741 3849 tracta

1712 3870 1975 3942 loquendi
2010 3873 2249 3937 ratione,
2296 3874 2385 3927 hic
2419 3876 2595 3928 naenia
2625 3873 2739 3929 ludi

1715 3969 1826 4005 esse
1847 3949 2051 4005 dicitur
2072 3950 2190 4005 ludi
2208 3953 2351 4007 finis.
2376 3954 2545 4007 Boxu.
2670 3984 2677 3991 ·
2707 3981 2731 3995 ··

1799 4032 1894 4085 33.
1926 4030 2205 4085 PaaeNid.
2228 4033 2347 4085 Mil.
2369 4034 2481 4097 111,
2512 4050 2567 4095 ι,
2606 4050 2736 4087 211.

1776 4106 1893 4171 '34
1919 4110 2243 4183 Voluptati...
2254 4113 2315 4165 ob
2336 4132 2515 4166 casum.
2543 4114 2736 4183 Magna

673 4184 765 4242 31.
800 4188 984 4257 Obcepi
1013 4186 1186 4239 denuo.
1224 4186 1304 4239 De
1343 4186 1619 4241 saltatione
1708 4190 1947 4249 hilaritas
1968 4210 2033 4245 ex
2055 4209 2177 4245 meo
2198 4210 2321 4245 casu
2344 4206 2459 4247 orta
2480 4204 2577 4249 est.
