3067 5017
871 395 1210 465 ACTUS
1262 396 1427 478 III,
1469 392 1798 465 SCENA
1838 396 1929 467 II.

2372 402 2467 496 47

315 518 402 587 Et
419 517 594 587 bene
609 530 676 587 et
691 515 986 610 benigne
1013 516 1236 585 facitis
1251 540 1270 602 ;
1285 540 1492 609 quom
1515 514 1680 584 hero
1696 518 1949 587 amanti
1967 532 2243 613 operam
2269 518 2462 593 datie.

315 629 447 699 Sed
487 628 596 698 isti
627 628 770 721 jam
816 627 1038 697 sciunt
1061 680 1081 714 ,
1113 627 1345 721 negoti
1383 624 1548 719 quid
1576 626 1702 695 sit?
1742 652 1962 701 Aeon.
1998 631 2291 699 Omnem
2322 656 2466 701 rem

609 737 868 805 ordine.

317 872 572 919 tumn.
608 851 779 921 Tum
821 872 942 916 vos
975 847 1276 915 animum
1315 846 1647 918 advortite
1685 848 1891 942 igitur
1926 876 1941 917 :
1986 848 2169 921 hunc
2210 875 2330 921 vos
2366 848 2464 921 le-

609 982 856 1025 nonem
891 958 1146 1051 Lycum

319 1066 684 1138 Gnovistis.
711 1090 898 1135 'Anw
963 1064 1203 1137 Facile.
1262 1089 1460 1135 con..
1526 1068 1617 1136 At
1672 1090 1834 1159 ego,
1896 1067 2044 1161 pol,
2108 1094 2265 1147 eum
2330 1094 2469 1163 qua

615 1176 700 1258 sit
733 1174 904 1243 facie
937 1175 1182 1247 nescio.

319 1290 496 1357 Eum
529 1285 683 1358 volo
719 1286 885 1355 mihi
923 1284 1392 1357 demonstretis
1440 1285 1803 1359 hominem.
1850 1310 2019 1356 Anv.
2076 1286 2219 1359 Nos
2268 1315 2469 1363 cura-

611 1397 854 1464 bimus.

321 1508 500 1579 Satis·
529 1521 957 1602 praeceptum.
1002 1528 1220 1575 Aeon.
1255 1505 1384 1575 Hic
1421 1520 1755 1579 trecentos
1792 1531 2035 1577 numos
2080 1524 2468 1583 numeratos

613 1618 836 1687 habet.

323 1752 492 1798 Amr.
520 1730 702 1823 Ergo
718 1752 841 1796 nos
866 1725 1198 1823 inspicere
1217 1740 1487 1820 oportet
1505 1726 1677 1797 istuc
1693 1752 1961 1816 aurum,
1982 1729 2471 1825 AgorastocleS,

323 1839 422 1905 Ut
454 1837 742 1905 sciamus
775 1835 942 1929 quid·
969 1836 1268 1905 dicamus
1303 1858 1460 1905 mox
1497 1861 1623 1929 pro
1661 1839 2069 1909 testimonio.

324 1970 541 2018 Aeon.
579 1948 799 2041 Agite,
830 1948 1138 2041 inspicite
1167 1970 1184 2014 :
1217 1970 1459 2014 aurum
1487 1944 1591 2015 ’st.
1611 1970 1811 2018 com..
1848 1950 2158 2021 Profecto
2178 2006 2199 2040 ,
2226 1968 2477 2048 specta·
2555 1980 2559 1985 ·

617 2071 794 2124 tores
810 2110 830 2144 ,
874 2056 1208 2125 comicum
1244 2080 1260 2122 ε

325 2226 432 2259 cum
475 2225 532 2257 eo
579 2222 682 2274 pro
725 2202 1015 2257 commendo.
1076 2202 1350 2272 Ambigne

326 2285 455 2338 lusit
495 2302 714 2337 servus..
750 2285 1004 2336 Dixerant
1048 2280 1294 2335 advocati
1332 2300 1346 2333 ε

326 2366 402 2417 Di
424 2376 471 2416 te
488 2364 717 2435 perdant.
751 2364 1006 2416 Sei-vuius
1031 2381 1261 2433 nequam
1291 2374 1352 2413 ut

327 2445 387 2497 in
427 2463 619 2498 eorum
655 2456 821 2513 caput
859 2443 964 2495 hoc
1006 2441 1350 2493 maledictum

326 2535 594 2595 regereret
608 2563 625 2589 ,
668 2523 738 2575 ita
767 2520 1074 2592 respondit,
1111 2534 1172 2573 ut
1192 2520 1352 2573 simul

329 2604 469 2657 hanc
494 2602 930 2674 imprecationem
963 2602 1020 2653 in
1056 2620 1145 2653 eos
1177 2612 1352 2671 retor-

331 2694 520 2755 queret
539 2721 555 2748 ,
601 2696 654 2735 et
685 2693 862 2737 tamen
897 2681 977 2732 illi
1009 2682 1112 2734 hoc
1143 2679 1352 2733 intelli-

332 2782 456 2834 gere
481 2781 594 2815 non
619 2774 830 2833 possent
869 2758 929 2812 id
957 2758 1062 2813 dici
1082 2800 1100 2826 ,
1135 2772 1225 2812 aut
1250 2758 1354 2811 sal-

331 2855 443 2895 tem
463 2841 576 2912 ipse
601 2855 850 2894 excusare
874 2853 1050 2910 posset
1082 2840 1220 2891 nihil
1247 2840 1352 2894 tale

217 2972 224 2975 .
333 2941 366 2975 a
390 2940 448 2974 se
473 2920 693 2975 dictum.
727 2920 905 2973 Prima
931 2921 1094 2973 verba
1131 2938 1352 2990 respon-

335 3001 503 3054 sionis
527 3020 592 3053 eo
610 3000 750 3054 trahi
770 3012 991 3071 possunt
1004 3038 1021 3063 ,
1037 3019 1126 3051 vos
1145 2998 1352 3071 quidem,

337 3081 490 3133 hercle
509 3120 528 3145 ,
579 3098 772 3150 nempe
818 3078 896 3132 dii
946 3078 1206 3150 perdant;
1259 3076 1352 3131 sed

337 3162 512 3213 statim
539 3160 814 3230 subjungit
830 3193 846 3220 ,
871 3159 1128 3210 conmendo
1145 3196 1161 3222 ,
1186 3170 1248 3210 ut
1267 3159 1351 3210 in·

269 3253 277 3261 '
337 3240 574 3293 tellectus
591 3238 878 3292 defendere
901 3252 1078 3309 posset
1092 3278 1109 3303 ,
1131 3256 1186 3291 se
1206 3236 1354 3291 aliud

337 3318 550 3375 dixisse.
573 3319 806 3389 Quiqui,
837 3318 1036 3389 inquit,
1055 3318 1194 3383 estis,
1211 3329 1354 3371 certe

336 3417 433 3453 vos
464 3396 814 3462 commend0‚
856 3409 1041 3468 utpote
1075 3398 1278 3468 peritos
1303 3410 1357 3458 et

339 3477 524 3539 doctos
544 3479 696 3548 juris,
715 3491 770 3530 et
789 3476 964 3541 litium
984 3476 1350 3530 creandarum.

339 3556 546 3611 Deinde
579 3556 730 3630 qnod
767 3570 823 3609 et
855 3557 990 3609 bene
1031 3575 1091 3609 ac
1125 3557 1356 3627 benigne

341 3638 608 3702 facerent,
649 3638 741 3708 qui
790 3637 920 3705 hero
974 3636 1173 3687 amanti
1218 3636 1357 3689 hanc

268 3740 276 3747 ·
340 3731 558 3787 operam
597 3714 805 3779 darent.
846 3716 1074 3775 Samis.
1112 3748 1193 3757 —
1228 3715 1360 3767 Con-

341 3797 526 3849 mendo.
555 3797 690 3849 Sane
721 3796 779 3847 in
803 3794 972 3863 Acad.
1012 3822 1034 3843 ι
1060 3794 1360 3848 conmendo

343 3876 534 3947 qniqffi
561 3888 744 3931 tamen
763 3900 812 3927 a.
843 3874 952 3927 Sed
977 3875 1036 3927 in
1062 3888 1260 3927 neutro
1284 3888 1362 3927 est

237 4000 244 4012 .
341 3955 476 4008 Pau.
494 3956 587 4026 qui
616 3954 763 4009 haud
789 3953 956 4007 dubie
983 3954 1249 4007 meliores.
1273 3953 1360 4007 Sic

344 4036 487 4089 enim
505 4036 677 4107 prior,
700 4063 723 4084 ι
739 4035 934 4099 hercle,
953 4051 1062 4103 quo
1085 4052 1204 4086 meo
1231 4033 1363 4104 quin

345 4106 534 4187 quiqui
575 4128 752 4169 tamen
775 4141 801 4161 a·
833 4132 847 4166 ε
895 4116 1054 4179 alter,
1101 4138 1124 4159 ι
1157 4112 1366 4181 hercle,

1441 2221 1551 2273 quo
1598 2224 1722 2258 meo
1772 2208 1932 2277 quam
1979 2209 2168 2280 quiqui
2214 2222 2393 2265 tamen
2419 2240 2472 2270 n.

1438 2282 1603 2337 Unde
1637 2284 1850 2340 videtur
1876 2288 2221 2343 scribendum
2250 2309 2265 2344 ε
2310 2318 2333 2340 α
2354 2294 2471 2349 Vos

1439 2363 1689 2433 quidem,
1726 2366 1977 2431 hercule,
2011 2388 2257 2440 aequum,
2302 2391 2470 2444 quom

1440 2443 1629 2514 quiqui
1669 2456 1847 2497 tamen
1878 2472 1928 2498 ι.
1971 2447 2107 2511 Quae
2147 2452 2311 2504 verba
2353 2472 2465 2507 non

1439 2535 1621 2575 carent
1658 2540 1719 2575 ea
1755 2525 2125 2596 ambiguitate,
2152 2548 2313 2600 quam
2356 2549 2472 2584 cer·

1442 2615 1556 2655 tum
1583 2614 1661 2654 est
1684 2616 1921 2672 captasse
1944 2606 2315 2677 Milphionem.
2331 2610 2471 2665 Nam

1439 2682 1507 2733 τὰ
1542 2682 1647 2734 Vos
1680 2684 1893 2753 quidem,
1925 2686 2139 2748 hercule,
2178 2709 2394 2759 oequum,
2426 2691 2471 2743 si

1436 2758 1741 2814 referantur
1782 2761 1852 2814 ad
1895 2764 2104 2833 priora,
2150 2766 2471 2840 intelligitur

1440 2842 1543 2895 snb
1574 2841 1657 2893 his
1674 2880 1691 2906 ,
1719 2842 1832 2893 deos
1852 2844 2054 2912 perdet-e
2070 2863 2091 2896 .·
2118 2845 2163 2899 si
2192 2846 2259 2902 ad
2286 2861 2468 2918 poste·

1439 2922 1605 2987 riora,
1626 2920 1938 2992 intelligitur
1948 2923 2143 2991 facitis,
2158 2944 2324 2996 quum
2345 2927 2465 2997 qui-

1441 3019 1676 3071 cumque
1704 3002 1876 3055 facitis
1904 3015 1956 3055 et
1983 3003 2121 3056 bene
2148 3019 2199 3058 et
2218 3006 2471 3075 benigne,

1441 3099 1715 3151 quumque
1755 3081 1889 3134 hero
1929 3084 2125 3135 amanti
2167 3084 2303 3138 datis
2340 3103 2472 3155 ope-

1441 3179 1577 3213 ram.
1598 3160 1780 3215 Gnon.
1802 3162 2195 3217 ——Audentius
2215 3166 2468 3217 Bothius:

1450 3265 1473 3286 α
1495 3258 1625 3293 Αον.
1675 3241 1747 3291 Di
1792 3253 1844 3294 te
1888 3242 2118 3312 perdant
2140 3244 2153 3295 l
2197 3262 2323 3297 ΜΗ..
2351 3245 2471 3299 Vos

1443 3317 1661 3390 quidem
1680 3356 1697 3382 ,
1725 3320 1940 3374 hercle!
1973 3342 2103 3375 Anv.
2133 3322 2467 3388 Quomodo?

1441 3416 1569 3451 ΜΠ..
1606 3400 1753 3463 Quin
1770 3438 1784 3466 ,
1806 3401 2015 3472 quiqui,
2038 3415 2217 3455 tamen
2236 3416 2289 3455 et
2309 3404 2469 3471 bene,

1444 3490 1546 3531 etc.
1564 3503 1587 3524 n
1610 3480 1700 3531 Sic
1725 3482 1958 3549 quomodo
1982 3494 2061 3534 est
2082 3482 2343 3535 iratorum
2362 3482 2472 3538 for·

1446 3559 1609 3623 mula,
1627 3572 1681 3611 et
1700 3559 1858 3613 liberi
1880 3560 2125 3613 homines
2142 3562 2242 3613 sibi
2257 3582 2474 3619 servum

1447 3636 1766 3702 maledicere
1806 3638 2174 3709 indignantur.
2218 3642 2293 3695 At
2331 3642 2473 3699 hanc

1448 3735 1635 3771 vocem
1658 3718 1869 3793 refingit
1896 3736 1958 3770 ex
1988 3720 2086 3773 MS
2114 3740 2127 3771 ε
2162 3746 2185 3768 ι
2214 3714 2397 3793 quo-fn
2418 3751 2469 3777 ι.

1449 3796 1504 3848 Si
1532 3816 1643 3849 non
1670 3814 1793 3848 vera
1811 3831 1833 3859 ,-
1872 3810 1927 3850 at
1972 3800 2153 3853 saltem
2196 3799 2475 3873 ingeniosa

1449 3876 1769 3929 emendatio.
1802 3876 1870 3928 N.

1536 3974 1624 4007 20.
1650 3955 1911 4016 Carnicum.
1960 3957 2240 4012 Comicum
2282 3981 2475 4017 aurum

1451 4033 1542 4087 hic
1568 4035 1741 4105 lupini
1762 4048 1902 4087 sunt.
1928 4037 1997 4091 Et
2029 4040 2163 4093 sicut
2188 4041 2247 4092 in
2276 4060 2474 4095 comce-

1453 4111 1544 4167 dia
1578 4133 1679 4183 pro
1721 4114 1896 4167 aureis
1934 4119 2169 4171 nummis
2215 4140 2476 4175 annume-
