3067 5017
487 409 498 418 ’
591 436 740 508 6ι6
1235 441 1336 508 Μ.
1389 439 1679 510 Accu
1728 439 2103 508 PLAUTI

590 583 628 625 a
659 561 1020 626 Christiana
1057 559 1276 626 Salute
1316 561 1396 624 D.
1423 561 1695 630 Decimo
1740 577 1977 648 quarto
2021 581 2221 648 supra
2266 561 2480 628 mille:
2510 585 2739 630 menso

591 668 888 755 Augusti.
915 668 1096 730 Lone
1119 667 1184 730 X
1201 666 1390 733 Pont.
1420 667 1635 732 Max.»
1662 701 1755 718 -··-
1791 665 1940 730 vid.
1974 665 2329 754 catalogue
2354 669 2439 732 de
2474 669 2551 733 P.
2572 672 2735 736 Ant.

599 771 944 854 Cmvmnn,
975 772 1102 836 vol.
1129 773 1230 834 111
1253 817 1272 851 ,
1291 794 1356 859 p.
1399 769 1543 835 165.
1568 770 2085 860 Angelius,usus
2100 772 2359 860 scriptis
2392 773 2737 862 exemplis,

591 877 843 943 addidit
863 893 1092 967 praeter
1121 877 1240 941 alia
1267 877 1516 964 primus
1543 877 1971 942 Bacchidibus
2002 879 2353 967 prologum
2376 897 2443 943 et
2470 881 2738 945 initium

591 1002 770 1050 actus
799 984 996 1072 primi
1017 1031 1038 1065 ‚
1061 983 1359 1072 spurium
1391 999 1608 1047 tamen
1630 1030 1649 1064 ,
1676 1005 1881 1071 quem
1908 983 2077 1050 male
2105 983 2175 1046 iu
2214 983 2397 1050 Gisb.
2432 986 2735 1074 Longolii

592 1090 878 1155 editione
929 1091 1222 1179 primum
1269 1088 1521 1156 editum
1571 1111 1710 1154 esse
1752 1105 1941 1177 putat
1982 1090 2082 1153 10.
2120 1089 2295 1155 Frid.
2342 1091 2739 1158 Gronovius.

589 1200 762 1262 Tum
799 1196 1212 1262 Mostellariae
1249 1217 1472 1262 scenas
1503 1195 1589 1260 ad
1624 1196 1962 1260 meliorem
1998 1195 2305 1262 ordinem
2344 1196 2597 1287 redegit
2612 1245 2633 1280 ‚
2662 1201 2737 1264 in

591 1327 725 1392 quo
758 1292 976 1368 tamen
1011 1327 1049 1366 a
1086 1297 1454 1366 Camerario
1491 1317 1833 1391 superatus
1866 1319 1983 1366 est.
2041 1303 2213 1366 Male
2238 1327 2397 1368 vero
2428 1303 2595 1369 duos
2626 1305 2737 1374 in·

589 1409 852 1476 terdum
889 1431 1114 1473 versus
1135 1410 1206 1471 in
1237 1431 1448 1472 unum
1487 1409 1812 1474 contraxit
1840 1409 2192 1497 Angelius,
2228 1426 2341 1474 aut
2364 1409 2739 1476 dimidiatos

588 1540 711 1604 pro
743 1516 1012 1605 integris
1045 1515 1287 1603 posuit.

889 1620 1302 1710 Argentorati
1320 1669 1340 1702 ‚
1377 1620 1543 1698 ixi-4.
1570 1621 1666 1685 Μ.
1694 1621 1847 1685 Acci
1879 1620 2097 1685 Plauti
2122 1621 2323 1686 Asinii
2346 1622 2579 1686 comici
2606 1622 2737 1686 cla-

585 1729 825 1795 rissimi
859 1729 1208 1795 Comoediae
1241 1729 1567 1818 quinque,
1592 1729 2001 1818 Amphitryo,
2024 1730 2345 1811 Asinaria,
2379 1731 2738 1813 Aulularia,

588 1836 840 1924 Captivi
863 1835 1032 1916 du0‚
1066 1834 1379 1900 Curculio
1396 1855 1591 1918 ,cum
1620 1833 2211 1900 lucubratiunculis
2238 1855 2317 1898 ex
2338 1851 2743 1900 commenta-

585 1943 698 2006 riis
731 1941 988 2031 Pyladis
1019 1939 1300 2004 Brixiani
1329 1938 1563 2004 ornati.
1588 1941 1665 2003 In
1695 1939 1862 2004 fine:
1886 1941 2346 2029 «Argentorati
2378 1963 2459 2004 ex
2488 1940 2745 2008 nedibus

587 2047 876 2112 Matthiae
907 2045 1238 2110 Schurerii
1269 2045 1563 2108 MDXIV
1572 2075 1618 2109 ι.
2830 2107 2843 2114 ,

679 2177 730 2217 s.
765 2177 824 2217 a.
861 2151 1160 2225 Lovanii,
1195 2151 1368 2229 ἑτι-4.
1405 2151 1673 2214 Martini
1705 2151 1935 2240 Dorpii
1962 2152 2032 2216 S.
2070 2144 2269 2216 theol.
2304 2149 2550 2217 Licent.
2582 2153 2741 2217 Dia-

588 2261 781 2350 logus
806 2283 824 2323 :
858 2259 927 2322 in
971 2280 1104 2345 quo
1135 2258 1362 2322 Venus
1393 2273 1460 2322 et
1491 2257 1755 2345 Cupido
1785 2281 2015 2322 omnes
2042 2256 2361 2322 adhibent
2390 2259 2743 2326 versutias»

590 2378 670 2426 ut
698 2360 1079 2442 Herculem,
1097 2359 1298 2423 animi
1327 2359 1677 2446 ancipitem
1698 2407 1717 2441 ,
1750 2361 1821 2422 in
1854 2383 2040 2426 suam
2058 2359 2357 2426 militiam
2392 2360 2593 2424 invita
2620 2362 2745 2426 vir·

591 2484 732 2532 tute
768 2464 1146 2554 pel-pellant.-
1189 2463 1500 2544 Ejusdem
1548 2466 1847 2531 Thomas
1886 2465 2235 2530 Aululariae
2279 2466 2589 2530 Plautinae
2626 2467 2743 2532 ad-

591 2573 797 2654 jectus
851 2595 1004 2636 cum
1054 2571 1348 2660 Prologis
1387 2571 1641 2658 aliquot
1682 2573 1753 2636 in
1804 2572 2287 2638 comoediarum
2340 2571 2628 2638 actiones
2676 2592 2743 2638 et

595 2678 885 2768 pauculis
913 2676 1335 2741 carminibus.
1355 2678 1765 2741 —Prostant
1792 2679 2053 2742 venales
2090 2679 2159 2740 in
2184 2677 2415 2742 edibus
2440 2678 2745 2743 Theode-

590 2786 706 2850 rici
717 2785 910 2850 Mart.
927 2783 1197 2846 Alosten
1205 2783 1290 2846 sis
1307 2830 1326 2863 ,
1340 2783 2189 2872 Lovanii.-—Baumgarten‚
2212 2784 2280 2846 in
2301 2783 2741 2850 Nachrichten

589 2913 722 2956 von
747 2887 1268 2978 merkwiirdigen
1289 2889 1589 2952 Buchern
1608 2935 1626 2970 ,
1650 2889 1780 2954 vol.
1806 2891 1865 2972 Ι,
1892 2913 1957 2978 p.
1980 2889 2108 2969 544
2130 2907 2377 2978 ,putat‚
2394 2909 2459 2955 et
2476 2893 2745 2972 conjicit

592 3021 672 3062 ex
703 2996 896 3060 variis
915 2996 1316 3084 argumentis
1334 3043 1353 3075 ,
1377 2995 1554 3083 typis
1569 2995 1948 3084 expressum
1970 3019 2111 3062 esse
2143 2997 2433 3062 libellum
2456 3021 2515 3063 a.
2538 2996 2741 3080 15143

593 3108 676 3171 cf.
697 3105 1062 3170 Harlesium
1103 3127 1168 3192 p.
1207 3127 1243 3168 2
1257 3127 1282 3166 1
1297 3105 1372 3170 6:

686 3210 854 3275 1516
898 3211 1172 3291 Veneta,
1218 3209 1330 3273 fol.
1367 3207 1599 3274 Aldina
1633 3212 1683 3274 Ι.
1724 3212 1962 3278 Bernh.
1997 3211 2297 3281 Saraceni
2332 3229 2401 3277 et
2432 3214 2531 3277 Ic.
2562 3213 2739 3276 Petri

590 3313 784 3376 Vallae
827 3334 903 3375 ac
931 3311 1234 3398 Baptistae
1280 3311 1378 3375 Pii
1425 3313 1855 3376 Bononiensis
1898 3313 2407 3392 observationes,
2448 3314 2741 3378 Venetiis

589 3417 766 3507 apud
799 3416 1036 3482 Aldum
1069 3441 1086 3481 ε
1125 3440 1326 3506 quam
1358 3419 1600 3482 Pareus
1634 3419 1807 3483 inter
1836 3417 1983 3484 edd.
2013 3419 2213 3486 refert
2246 3443 2312 3509 p.
2346 3419 2409 3485 5.

889 3525 1168 3606 Veneta,
1207 3525 1298 3587 fol
1331 3547 1432 3612 ap.
1460 3526 1773 3588 Lazarum
1810 3525 2179 3590 Soardium.
2254 3567 2263 3574 ·

681 3629 848 3696 1518
869 3631 1182 3698 ,Venetiis
1200 3679 1216 3712 ‚
1251 3630 1368 3696 fol.
1395 3632 1490 3696 M.
1511 3632 1663 3695 Acci
1688 3631 1896 3696 Plauti
1916 3633 2153 3721 linguoe
2169 3633 2411 3696 Latinae
2430 3632 2738 3721 principis
2780 3624 2786 3630 ⁶

586 3735 932 3800 Comoedias
981 3736 1244 3824 viginti,
1295 3736 1456 3800 vivis
1493 3759 1663 3824 pene
1712 3737 2105 3825 imaginibus
2162 3761 2389 3802 recens
2428 3737 2735 3804 excultae:

585 3843 932 3906 novissime
969 3864 1050 3904 ex
1089 3841 1435 3906 collatione
1467 3843 1863 3906 Florentinae
1898 3841 2205 3907 fidelioris
2244 3843 2691 3931 impressionis
2718 3891 2736 3924 ,

580 3963 647 4010 et
667 3948 937 4011 aliarum
964 3947 1263 4010 omnium
1282 3995 1300 4030 ,
1339 3971 1489 4034 quae
1509 3949 1789 4012 inveniri
1825 3963 2187 4035 potuerunt
2208 3997 2227 4028 ,
2264 3948 2513 4014 affatim
2548 3971 2739 4012 reco-

577 4053 792 4140 gnitae.
828 4053 976 4115 Una
1011 4073 1164 4116 cum
1200 4052 1727 4118 luculentissimis
1762 4055 2249 4120 commentariis
2277 4053 2587 4118 Bernardi
2614 4055 2733 4120 Sa-

577 4160 833 4242 racem,
871 4160 1138 4224 Ioannis
1181 4159 1356 4224 Petri
1399 4161 1597 4224 Vallae
1625 4209 1643 4241 ,
1692 4176 1759 4224 et
1794 4160 2055 4248 Pyladis
2088 4161 2391 4226 Brixiani.
2426 4161 2567 4224 Nec
2594 4183 2731 4224 non
