3067 5017
818 431 1157 538 AeTUs
1206 434 1323 518 11,
1378 434 1718 503 scENA
1762 437 1857 502 Π.
2269 434 2392 507 151

258 555 627 647 Nunquam
660 550 943 639 adveni,
970 578 1189 649 neque
1219 570 1285 625 te
1328 554 1467 625 vidi
1496 571 1656 627 ante
1683 556 1868 627 hunc
1903 556 2084 627 diem
2111 582 2409 654 unquam

548 659 769 731 oculis
812 664 1005 749 meis.

254 794 499 841 psum).
528 772 711 861 Quia
737 771 967 842 videre
1002 773 1163 843 inde
1199 798 1341 843 esse
1371 800 1389 842 ε
1416 799 1576 843 nam
1611 774 1776 845 olim
1805 800 2014 870 quom
2045 775 2250 861 abiit,
2289 803 2406 849 ar-

550 897 751 974 gento
792 882 933 953 haec
978 882 1121 951 dies

252 990 763 1078 Praestituta’st,
805 991 1030 1086 quoad
1074 992 1351 1061 referret
1380 992 1612 1080 nobis;
1649 1018 1870 1087 neque
1904 992 2070 1062 dum
2108 994 2363 1065 retulit.

250 1123 471 1170 nup,
515 1104 661 1169 Imo
703 1100 913 1170 adest.
948 1126 1195 1171 psam).
1234 1101 1402 1171 Tun’
1448 1101 1798 1172 adtulisti?
1843 1126 2064 1175 nul».
2097 1108 2402 1201 Egomet.

543 1222 786 1281 PsEUD.
833 1212 1022 1300 Quid
1060 1211 1327 1281 dubitas
1369 1211 1569 1282 dare?
2357 1244 2409 1283 ³0

250 1342 471 1389 naar.
513 1320 666 1389 Tibi
699 1345 827 1415 ego
862 1320 1063 1391 dem?
1090 1345 1339 1393 psum».
1368 1323 1546 1393 Mihi
1568 1376 1590 1409 ‚
1624 1322 1896 1411 hercle,
1929 1350 2127 1413 vero,
2153 1327 2270 1420 qui
2303 1353 2408 1397 res

546 1430 975 1525 rationesque
1015 1432 1158 1502 heri
2192 1499 2196 1503 ,
2349 1449 2354 1453 ’

248 1537 571 1610 Ballionis
606 1566 803 1629 curo,
842 1558 1201 1638 argentum
1236 1541 1562 1637 adcepto‚
1608 1566 1937 1637 expenso,
1981 1560 2050 1615 et
2085 1546 2245 1639 quoi
2287 1545 2404 1617 de·-

540 1651 656 1719 bet
700 1650 881 1720 dato.
1176 1720 1187 1729 ,

248 1782 466 1829 anu».
504 1759 851 1853 Siquidem
869 1812 889 1847 ‚
916 1760 1139 1831 hercle
1157 1814 1177 1845 ,
1210 1759 1415 1831 etiam
1452 1762 1748 1856 supremi
1789 1776 2090 1856 promtes
2125 1764 2392 1835 thesau-

542 1896 655 1939 ros
694 1871 919 1957 Jovis,

248 1980 401 2049 Tibi
428 1978 723 2050 libellam
758 1982 1028 2077 argenti
1068 2006 1415 2077 nunquam
1455 1981 1750 2051 credam.
1797 2004 2045 2054 Psnm).
2087 1986 2274 2054 Dum
2317 1999 2392 2054 tu

540 2106 875 2181 strenuaS,

248 2204 379 2270 Res
409 2200 542 2270 erit
576 2199 816 2272 soluta.
846 2224 1064 2272 naar.
1094 2201 1413 2270 vinctam
1455 2202 1682 2296 potius
1707 2200 1805 2271 sio
1835 2226 2206 2273 servavero.
2336 2226 2392 2267 ³⁵

248 2334 491 2383 psam).
538 2315 661 2381 Vae
716 2309 879 2383 tibi!
917 2326 994 2382 tu
1046 2312 1365 2382 inventus
1412 2336 1576 2381 vero
1593 2365 1616 2399 ,
1664 2335 1881 2381 meam
1929 2311 2050 2405 qui
2099 2311 2392 2385 forcilles

532 2417 774 2490 fidem!

326 2580 419 2631 28.
451 2576 595 2635 Inde,
624 2596 656 2631 a
682 2576 872 2631 milite.
1358 2574 1544 2629 Gnox.
1564 2606 1648 2618 —-
1681 2574 1818 2629 Sunt
1847 2575 1942 2647 qui
1965 2589 2186 2629 strenuas
2207 2578 2380 2634 dedu.

321 2656 412 2710 3ο.
464 2657 604 2723 Quid
642 2656 838 2709 dubitas
858 2692 875 2720 ‚
934 2653 1215 2709 dubitasne
1234 2654 1263 2708 ἓ
1357 2668 1507 2732 eant·
1536 2675 1569 2708 a
1627 2652 1904 2720 strenuam,
1955 2654 2104 2725 qnod
2152 2658 2378 2714 verbum

243 2735 371 2789 dare
411 2754 485 2789 ne
534 2735 739 2790 dubita.
790 2738 875 2791 Ab
922 2736 1028 2789 hoc
1066 2753 1225 2789 versu
1244 2772 1263 2803 ,
1358 2734 1625 2805 nuaqu'am
1664 2735 1794 2789 alias
1832 2748 2121 2805 comparet.
2155 2738 2240 2789 An
2275 2757 2376 2809 per

241 2834 409 2887 usque
455 2815 523 2869 ad
566 2835 702 2871 vers.
748 2814 819 2873 52
836 2855 854 2883 ,
894 2815 1039 2869 idem
1084 2816 1259 2887 agitur
1354 2815 1570 2885 ellipsin
1605 2814 1772 2887 possis
1811 2814 2156 2885 interpretari
2185 2834 2200 2868 τ
2232 2814 2371 2872 dum

242 2896 475 2949 comicus
500 2896 678 2964 lusus,
702 2894 797 2967 qui
824 2896 976 2949 Asin.
996 2896 1071 2961 11,
1097 2902 1155 2961 4.
1181 2896 1254 2955 N.
1352 2907 1415 2947 tu
1455 2907 1695 2949 strennas
1735 2888 1926 2957 (minas
1961 2894 2200 2966 quinque
2225 2893 2377 2963 des),

320 2976 597 3036 32.Dato,
628 2977 665 3029 i.
686 2994 740 3047 q.
760 2973 854 3028 do.
1351 2974 1391 3028 i.
1416 2992 1465 3029 e.
1488 2987 1730 3038 strenue,
1759 2985 1999 3045 promte,
2025 2992 2109 3029 res
2149 2974 2253 3029 erit
2282 2996 2368 3031 ao·

317 3054 410 3120 34.
426 3056 562 3109 Dum
583 3068 633 3108 tu
646 3068 878 3108 strenuas.
894 3055 1001 3107 Pro
1014 3068 1249 3117 strenuas,
1349 3054 1489 3115 luta,
1518 3067 1579 3107 ut
1599 3053 1745 3107 Asin.
1773 3053 1814 3106 l.
1840 3072 1890 3107 c.
1918 3054 1988 3107 N.

239 3134 389 3205 quod
412 3135 572 3189 nihili
591 3149 689 3201 est,
712 3132 995 3206 legendum
1016 3148 1251 3190 ster-nuos.
1432 3132 1525 3187 35.
1544 3134 1772 3187 Venetam
1782 3135 1966 3203 potius.
1989 3132 2074 3185 Ad
2095 3134 2371 3205 ambagem

238 3213 344 3267 sed
371 3215 532 3268 aliter
563 3212 965 3285 distinguendus
988 3214 1166 3279 loeus,
1198 3225 1254 3268 et
1348 3212 1610 3267 orationis
1636 3233 1712 3265 res
1727 3213 1890 3265 soluta
1908 3216 2004 3265 erit
2019 3212 2226 3278 alludit,
2246 3233 2368 3286 quo

238 3294 499 3349 mutanda
568 3312 809 3365 persona}
868 3293 974 3347 hoc
1038 3292 1201 3347 modo
1232 3312 1247 3347 ε
1348 3292 1650 3365 significare
1669 3292 1837 3364 possit
1849 3296 2004 3363 paye'e
2023 3305 2076 3345 et
2096 3293 2262 3347 de'lc‘e‘e.
2294 3296 2366 3348 N.

244 3399 267 3422 ι
285 3375 411 3426 Tibi
452 3374 689 3427 libellam
730 3372 939 3445 argenti
974 3392 1251 3447 nunquam
1429 3372 1548 3428 36.'
1581 3372 1744 3425 Maam
1794 3375 1878 3445 qui
1912 3373 2136 3441 sorcilles
2173 3370 2369 3443 fidem!

236 3452 465 3508 aedem.
496 3472 577 3508 rs.
612 3455 668 3518 1,
692 3452 825 3507 dum
854 3465 912 3505 tu
938 3465 1179 3507 ster-naas
1198 3478 1248 3507 ι.
1346 3452 1502 3505 Paene
1529 3450 1788 3505 assentior
1805 3451 1910 3505 illis
1927 3453 2023 3525 qui
2043 3451 2231 3524 legunt
2255 3473 2368 3523 sug-

236 3531 299 3585 Id
320 3546 427 3597 est,
463 3525 583 3587 rem
615 3533 714 3587 tibi
742 3533 945 3587 solvam
969 3551 1121 3605 aeque
1139 3532 1247 3587 cito
1342 3532 1505 3602 ga'lles.
1561 3530 1834 3603 Scriptum
1893 3532 2097 3603 quippe
2151 3530 2367 3586 videtur

236 3630 392 3685 quam
433 3625 493 3665 tn
534 3624 791 3667 sternuas.
837 3614 981 3665 Dum
1019 3626 1079 3665 tu
1114 3624 1248 3665 nter·
1311 3678 1317 3683 ,
1342 3612 1505 3665 fuisse
1521 3611 1738 3664 socctttaes
1769 3630 1868 3683 pro
1903 3610 2170 3681 suggilles.
2200 3612 2366 3667 Unde

234 3693 379 3757 nnis,
423 3711 511 3747 res
537 3694 641 3747 erit
676 3692 779 3745 tibi
804 3691 996 3747 soluta.
1027 3692 1166 3745 Nam
1192 3704 1247 3745 et
1340 3705 1523 3763 postea
1551 3703 1865 3761 corruptum
1881 3690 2123 3759 sor-cilles.
2155 3690 2232 3745 Ex
2267 3712 2362 3746 cu-

232 3773 335 3845 legi
362 3785 563 3842 potest,
598 3771 745 3844 quod
776 3785 829 3826 et
864 3771 1055 3825 melius
1082 3784 1246 3843 puto,
1336 3773 1423 3841 jus
1444 3770 1593 3824 vocis
1614 3768 1851 3841 vestigiis
1884 3767 2164 3825 commode
2199 3771 2362 3825 etiam

232 3854 341 3905 dum
366 3864 419 3903 tu
437 3856 660 3905 ster-nais.
698 3852 931 3905 Sumus.
958 3882 1039 3895 —-
1064 3852 1207 3923 Lege
1227 3872 1244 3903 ε
1341 3850 1676 3922 conjiciatur,
1709 3869 1860 3902 meam
1881 3850 1964 3921 qui
1974 3848 2366 3921 scu-c'olesfidem,¹

239 3958 261 3980 ι
282 3949 559 4003 nunquam
587 3930 860 3985 creduam.
880 3950 955 3983 rs.
978 3930 1032 3983 Si
1050 3943 1113 3983 tu
1131 3949 1245 3985 ere·
1341 3926 1396 3982 id
1424 3943 1526 3994 est,
1555 3928 1806 3999 inquines
1821 3967 1841 3995 ,
1876 3928 2224 3984 contamines.
2259 3932 2364 3983 Fo-

232 4011 387 4075 duas‚
421 4012 526 4064 Res
546 4012 653 4063 erit
672 4011 847 4064 soluta
874 4036 923 4061 ι.
954 4008 1138 4064 Scluv.
1166 4042 1251 4053 —-
1345 4012 1475 4062 viare
1501 4023 1556 4063 et
1565 4008 1808 4077 seriolae-e
1828 4006 1972 4060 idem
1991 4046 2007 4072 ,
2035 4019 2089 4061 et
2120 4010 2276 4063 lutare
2312 4025 2364 4064 et

234 4092 495 4145 Veniebat
539 4088 834 4161 aliquando
880 4089 939 4143 in
972 4104 1205 4143 mentem
1232 4106 1249 4141 :
1347 4089 1614 4154 tutator-effi
1627 4106 1737 4158 quo
1755 4100 1808 4141 et
1827 4088 2369 4144 collutulariae.Mentio

234 4195 256 4217 ι
272 4170 338 4226 da
355 4169 484 4227 dum
498 4184 740 4225 strenue:
768 4170 873 4223 Res
896 4169 996 4223 erit
1018 4170 1251 4223 soluta».
1346 4162 1529 4223 forioli
1556 4166 1703 4241 apud
1734 4167 1974 4223 Nonium
1999 4186 2016 4219 ε
2043 4187 2076 4221 a
2111 4188 2220 4241 quo
2246 4189 2367 4223 ver·
