3067 5017
585 419 757 516 ·473
1262 418 2100 507 TnucULENTUS‚

604 547 743 613 Iste
773 541 923 611 heic
948 538 1133 610 haud
1167 537 1383 610 multo
1420 554 1574 634 post
1604 539 1806 610 credo
1841 539 2100 628 aderit3
2137 563 2320 611 nunc
2358 543 2554 636 prius
2591 569 2774 639 prae-

904 675 1105 721 caveo
1148 674 1401 738 sciens3

518 839 521 844 ,
607 768 919 858 Eumque
935 787 1095 857 gero
1110 775 1421 830 ornatum
1440 813 1459 846 ,
1481 774 1559 828 ut
1575 761 1848 855 gravida
1863 816 1882 844 ,
1910 764 2100 857 quasi
2117 763 2478 858 puerperio
2498 763 2767 836 cubem.

609 877 787 944 Date
810 873 978 941 mihi
1010 872 1145 940 huc
1172 886 1452 940 stactam
1485 885 1690 965 atque
1723 871 1951 966 ignem
1991 874 2060 941 in
2099 898 2309 960 aram,
2343 888 2422 942 ut
2453 898 2772 943 venerem

800 1001 807 1010 '
904 981 1234 1053 Lucinam
1280 1007 1539 1069 meam3

560 1181 572 1191 ν
606 1095 775 1164 Heio
816 1092 1174 1189 adponite‚
1216 1107 1419 1186 atque
1459 1093 1640 1161 abite
1673 1092 1758 1160 ab
1797 1090 2034 1161 oculis,
2071 1091 2222 1161 Eho
2253 1091 2674 1180 Pithecium,

608 1209 780 1275 Face
831 1195 907 1274 ut
955 1205 1412 1292 adcumbam3
1467 1201 1765 1273 adcede:
1815 1202 2120 1296 adjutare
2167 1204 2262 1273 sic
2313 1202 2504 1273 decet
2560 1229 2770 1298 puer-

612 1425 839 1500 Soleas
899 1341 1291 1496 iiieilliimduce
1317 1479 1337 1512 ‚
1379 1424 1660 1520 pallium
1717 1424 1921 1519 injice
1969 1426 2042 1495 in
2081 1451 2190 1495 me
2227 1426 2400 1514 huc,
2445 1342 2770 1498 Archilisii

899 1535 1045 1606 Ubi
1078 1561 1145 1606 es
1168 1590 1187 1622 ,

608 1647 1055 1742 Astaphium?
1090 1651 1216 1716 Fer
1252 1646 1386 1714 huc
1420 1646 1788 1715 verbenam
1827 1647 2036 1732 mihi,
2075 1662 2184 1715 tus
2220 1662 2286 1716 et
2318 1645 2618 1716 bellaria.

609 1763 786 1830 Date
820 1783 1065 1852 aquam
1110 1757 1423 1826 manibus
1465 1782 1482 1824 ε
1534 1781 1720 1826 nunc
1745 1811 1765 1844 ,
1803 1772 2096 1860 ecastor,
2145 1771 2221 1825 ut
2271 1759 2528 1826 veniret
2571 1755 2771 1826 miles

905 1866 1125 1936 velim.

1199 2069 1649 2158 SCENA
1732 2071 2198 2160 SEXTA.

664 2293 1377 2364 STRATOPHANES
1398 2345 1419 2376 ‚
1469 2294 2105 2378 PHRONESIUM‚
2156 2294 2714 2364 ASTAPHIUM.

607 2521 758 2568 STR.
792 2499 897 2566 Ne
933 2479 1820 2588 exspectetiS,’spectatores,
1856 2519 2038 2564 meas
2079 2519 2344 2590 pugnas
2388 2495 2550 2564 dum
2588 2521 2770 2590 prae-

901 2604 1160 2673 dicem:

610 2719 927 2791 Manibus
972 2713 1178 2786 duelli
1221 2712 1586 2808 praedicare
1632 2713 1814 2784 soleo
1840 2768 1860 2802 ,
1896 2715 2080 2786 haud
2120 2717 2186 2784 in
2225 2718 2664 2786 sermonibus.

698 2911 791 2961 26.
810 2903 980 2958 Soleus
1000 2902 1119 2954 milae·
1137 2901 1483 2972 duce.ango,
1513 2903 1646 2955 date.

612 2990 689 3042 At
715 2987 835 3058 quis
872 2981 1089 3046 credat,
1118 2999 1444 3052 puerperam
1484 2982 1648 3036 nudis

610 3066 845 3140 pedibus
870 3060 1227 3134 processisse?
1253 3062 1418 3116 Certo
1451 3063 1650 3116 certius

613 3161 691 3200 est
700 3142 1023 3215 legendnm:
1044 3169 1065 3189 ι
1084 3141 1251 3193 soleas
1268 3141 1404 3194 mihi
1422 3140 1580 3194 deme
1596 3168 1619 3190 ι
1633 3183 1646 3196 .

614 3226 850 3280 'Volebat
890 3219 1216 3274 adcumbere
1250 3239 1263 3274 t
1312 3220 1436 3273 ideo
1482 3222 1650 3276 soleas

616 3305 721 3364 eibi
742 3303 959 3365 demere
975 3302 1145 3370 jubet.
1165 3302 1247 3353 Ita
1270 3319 1434 3373 cupra
1456 3301 1650 3354 Dinar-

616 3387 771 3450 chus,
786 3401 954 3455 quum
968 3381 1027 3432 in
1039 3381 1241 3434 lectum
1260 3399 1315 3432 se
1333 3381 1649 3436 inscendere

614 3467 753 3522 velle
792 3461 1005 3518 simulat
1034 3478 1048 3513 z
1111 3485 1134 3507 ιι
1155 3460 1275 3512 Jam
1322 3460 1487 3516 rediit
1534 3462 1648 3526 ani?

612 3565 750 3609 mus,
768 3542 924 3596 deme
950 3540 1118 3594 soleas
1143 3566 1163 3586 a
1179 3579 1191 3594 .
1231 3540 1452 3606 Contra,
1480 3561 1647 3611 quum

610 3642 831 3696 surgere
850 3621 1123 3684 volebant,
1143 3620 1431 3690 poscebant
1453 3621 1647 3675 soleas:

610 3704 765 3780 quod
792 3699 1145 3756 Phronesium
1178 3700 1329 3758 facit,
1353 3713 1457 3754 act.
1482 3701 1560 3767 11,
1594 3704 1649 3756 8.

613 3781 1091 3844 Ριετοιι.--Βιωε,
1120 3779 1161 3833 i.
1184 3799 1238 3851 q.
1260 3780 1411 3834 trahe
1431 3816 1451 3844 ‚
1473 3780 1649 3834 deme.

612 3901 693 3914 .....
711 3866 765 3918 V
762 3863 1003 3918 ev-benam.
1025 3860 1188 3915 Conf.
1202 3861 1329 3914 Ter.
1349 3859 1522 3914 Andr.
1547 3863 1650 3926 IV,

545 3975 557 3981 ³
614 3949 648 4000 3
670 3985 687 4012 ,
723 3964 747 3997 1
765 3964 815 3996 1.
844 3942 917 3996 N.

695 4043 787 4094 ²7·
815 4024 917 4076 Tus
958 4033 1009 4072 ee
1035 4020 1258 4074 bellaria.
1296 4019 1464 4075 Domi
1499 4039 1648 4076 sacra

563 4083 566 4088 ‹
612 4107 814 4161 fiebant
844 4101 1039 4171 vulgo,
1081 4099 1309 4154 infinitis
1337 4098 1405 4152 de
1446 4101 1645 4165 causiS,

610 4187 775 4242 etiam
803 4182 874 4236 ob
900 4180 1451 4251 puerperium.Varro
1472 4180 1568 4234 lib.
1591 4181 1646 4233 11

1738 2904 1821 2956 De
1843 2903 1954 2958 vita
1976 2923 2109 2976 pop.
2129 2925 2268 2959 rom.
2293 2932 2315 2954 ι
2339 2906 2524 2961 Mensa
2540 2921 2773 2979 antepo-

1736 2985 1969 3038 nebatur
2011 3003 2133 3038 cum
2175 2986 2408 3057 enlignie
2437 3005 2500 3040 ac
2525 2987 2679 3052 vino,
2708 2990 2772 3042 in

1738 3081 1843 3134 qua
1865 3102 1882 3129 ,
1932 3083 2052 3136 qnae
2098 3065 2386 3120 veniebant
2429 3067 2594 3133 fetum
2637 3070 2775 3122 ami·

1737 3162 1810 3198 0ae
1852 3145 2204 3215 gratulatum,
2250 3144 2352 3197 diis
2389 3148 2692 3200 mactabant
2717 3174 2770 3202 ι.

1737 3223 2055 3277 Tertullian.
2093 3225 2176 3278 De
2213 3225 2430 3278 anima:
2479 3227 2667 3279 «Dum
2710 3228 2773 3280 in

1737 3315 1896 3372 partu
1936 3303 2155 3358 Lucinae
2183 3295 2248 3358 hc
2291 3307 2472 3360 Dianae
2516 3307 2772 3377 ejulatur,

1737 3381 1868 3436 dum
1911 3403 2008 3454 per
2052 3397 2212 3438 totam
2251 3385 2646 3440 hebdomadem
2669 3389 2706 3440 J
2711 3407 2775 3442 u·

1737 3463 1866 3515 noni
1898 3482 2078 3518 mensa
2104 3465 2450 3537 proponitur,
2489 3465 2618 3520 dum
2644 3468 2776 3520 ulti-

1737 3561 1823 3596 ma
1849 3542 1936 3596 die
1969 3545 2075 3598 fata
2105 3544 2389 3600 scribunda
2422 3545 2775 3610 advocantur,

1739 3624 1858 3696 quis
1894 3621 2002 3676 non
2045 3623 2144 3678 filii
2177 3619 2342 3695 caput
2385 3626 2628 3696 obsignat
2666 3645 2774 3696 pro

1737 3721 1837 3772 gen
1846 3704 1944 3758 tica
1964 3742 1980 3768 ,
2008 3721 2109 3773 pro
2128 3704 2291 3764 avita,
2319 3724 2421 3776 pro
2439 3707 2653 3776 publica
2675 3718 2773 3760 aut

1737 3783 1946 3854 privata
1971 3781 2300 3838 devotione?
2335 3810 2357 3831 ι
2387 3785 2645 3842 Gna-mm.

1829 3881 1876 3916 1.
1914 3863 2204 3917 Proedicem.
2233 3862 2300 3916 Id
2345 3864 2488 3918 enim
2534 3865 2770 3920 militum

1737 3941 2046 4012 ingenium,
2123 3943 2453 3998 comicorum
2523 3943 2766 4016 quidem.

1736 4021 1865 4074 vid.
1894 4021 2015 4076 Mil.
2043 4023 2103 4087 1,
2142 4042 2204 4088 ις
2246 4022 2600 4078 Cleomachus
2628 4026 2765 4078 Bac-

1735 4100 1998 4156 chidibus.
2015 4101 2084 4154 N.
2455 4153 2460 4158 .

1812 4189 1868 4234 ⁴2.
1885 4181 2116 4236 Manibus
2135 4181 2302 4236 duelli.
2316 4183 2505 4251 Manu,
2523 4183 2578 4234 in
2598 4183 2762 4236 hello.
