3067 5017
665 447 806 518 326
1489 443 1608 512 ST
1624 446 1732 514 LC
1752 445 1813 516 H
1830 443 1890 514 U
1906 444 1981 527 S,

655 595 819 642 aar.
861 571 1182 640 Animum
1221 567 1534 636 inducam
1556 620 1575 652 ‚
1612 581 1690 638 ut
1724 567 1901 638 istuc
1932 589 2166 656 verum
2200 579 2266 634 te
2290 562 2635 636 elocutum
2667 587 2819 650 esse*

951 679 1256 746 arbitrer.

655 815 802 866 Dm.
841 789 1211 866 Munditias
1251 787 1405 857 volo
1443 787 1595 860 fieri
1636 813 1652 856 ε
1698 786 1943 858 ecferte
1984 785 2118 858 huc
2154 809 2433 879 scopas,
2478 782 2802 877 simulque

943 899 1374 985 arundinem,

649 1014 746 1082 Ut
789 1035 1065 1104 ope-ram
1131 1033 1402 1079 omnem
1452 1031 1854 1079 aranearum
1895 1004 2171 1099 perdam
2218 1016 2285 1078 et
2327 1017 2663 1077 texturam
2700 1003 2800 1071 in-

948 1120 1262 1213 probem,

646 1232 1111 1324 Dejiciamque
1157 1253 1390 1304 earum
1436 1227 1698 1298 omneis
1737 1224 1921 1296 telas.
1966 1250 2131 1298 GEL.
2178 1225 2443 1300 Miserae
2484 1221 2799 1317 algebunt

609 1411 616 1416 .
737 1361 741 1366 ⁸
943 1356 1197 1434 postea.
2136 1385 2141 1390 -
2749 1357 2794 1398 25

647 1474 792 1520 Dm.
839 1450 1076 1540 Quid?
1122 1449 1266 1517 illas
1305 1449 1536 1517 itidem
1588 1473 1728 1518 esse
1778 1471 2043 1531 censeS‚
2100 1445 2293 1538 quasi
2330 1459 2397 1516 te
2434 1468 2588 1513 cum
2624 1458 2797 1512 veste

941 1559 1193 1634 unica?

645 1673 830 1762 Cape
859 1667 1006 1739 illas
1046 1693 1301 1762 scopas,
1337 1693 1492 1738 GEL.
1525 1668 1833 1760 Capiam.
1866 1668 2194 1750 θην-,Ποῦ
2216 1678 2486 1759 egomet
2511 1719 2530 1752 ,
2570 1679 2647 1733 tu
2673 1664 2797 1732 hoc

939 1802 1284 1846 converre.
1325 1800 1478 1846 cet..
1518 1779 1787 1846 Fecero.

647 1912 799 1958 Dm.
839 1888 1085 1980 Ecquis
1129 1886 1264 1956 huc
1295 1887 1506 1963 ecfert
1543 1889 1955 1959 nasiternam
1992 1909 2148 1956 cum
2187 1884 2412 1979 aqua?
2444 1908 2605 1955 GEL.
2646 1885 2797 1955 Sine

937 1997 1282 2091 subfragio
1660 2010 1668 2015 '

642 2106 880 2200 Populi
898 2123 1120 2189 tamen
1138 2105 1523 2186 aedilitatem
1544 2108 1654 2178 hic
1671 2095 1943 2201 quidem
1963 2107 2151 2199 gerit.
2167 2129 2313 2176 mn.
2328 2107 2497 2198 Age,
2517 2119 2590 2174 tu
2614 2105 2796 2174 ocius

644 2215 854 2310 Pinge
891 2216 1177 2284 humum
1199 2266 1218 2302 ‚
1246 2233 1629 2311 ⁴consperge
1667 2233 1823 2290 ante
1858 2216 2078 2293 aedeis.
2120 2240 2285 2298 ρει,
2320 2217 2612 2285 Faciam.
2654 2241 2795 2287 Dm.

940 2330 1217 2398 Factum
1261 2329 1581 2421 oportuit.

733 2548 820 2580 υ.
861 2531 1096 2582 Animum
1140 2530 1301 2583 induc.
1345 2542 1445 2583 etc.
1474 2531 1681 2584 Verum

647 2627 874 2678 agnosco
928 2608 1075 2678 quod
1127 2607 1294 2674 dicis,
1348 2610 1551 2663 scilicet
1595 2629 1681 2662 me

645 2688 968 2741 esuriturum
997 2690 1358 2743 vehementer.

731 2767 822 2820 23.
860 2768 1133 2821 Munditias
1159 2770 1277 2820 volo
1299 2767 1436 2836 fieri.
1482 2769 1679 2820 Omnia

647 2847 763 2898 vult
800 2845 1003 2900 munda
1044 2847 1161 2899 fieri
1188 2861 1242 2900 et
1279 2847 1448 2900 nitida
1493 2847 1679 2912 domi,

645 2926 850 2997 quippe
877 2926 1010 2979 hero
1039 2925 1375 2980 adventante.

731 3012 822 3068 24.
853 3007 1116 3058 Tea-euram
1140 3007 1414 3077 improbem.
1436 3007 1524 3059 Sic
1544 3007 1680 3060 MSS

645 3102 732 3154 pr.
759 3086 908 3138 Cam.
935 3098 996 3137 ut
1025 3084 1204 3138 aediles
1241 3093 1294 3138 ln
1331 3087 1603 3140 mercibus
1626 3100 1681 3141 et

643 3163 932 3234 opificibus
973 3165 1338 3218 examinandis
1377 3167 1543 3220 multa
1578 3185 1679 3236 pu·

640 3242 780 3296 hlice
805 3245 1212 3314 improbabant.
1245 3246 1489 3298 Verbum
1533 3247 1678 3312 enim

641 3323 732 3375 hic
766 3335 844 3374 est
873 3325 1126 3394 improbem
1171 3315 1306 3394 (non
1344 3345 1575 3390 nomen,
1617 3339 1679 3380 ut

641 3416 918 3472 acceperat
949 3422 1221 3456 nonnemo
1262 3405 1468 3476 fingens
1499 3409 1678 3474 impro-

642 3479 764 3546 bis),
786 3482 872 3534 cui
901 3484 1227 3536 contrarium
1255 3485 1486 3556 approbo.
1507 3485 1679 3538 Pisto-

639 3561 714 3614 ris
760 3573 814 3613 et
863 3561 1143 3615 Gruterus.
1195 3565 1343 3618 Facit
1386 3566 1493 3618 huc
1538 3563 1674 3616 illud

639 3639 782 3692 Rud.
814 3642 898 3705 Π,
939 3642 969 3694 3
1009 3660 1022 3693 :
1059 3645 1340 3713 «quamvis
1370 3644 1675 3697 fastidiosus

640 3719 808 3772 aeditis
845 3734 956 3773 est:
1003 3723 1046 3774 si
1087 3741 1205 3794 quae
1249 3725 1512 3795 improbae
1552 3736 1676 3776 sunt

639 3801 889 3863 merceiS‚
914 3803 1078 3871 jactat
1102 3804 1309 3856 omneis
1327 3829 1376 3856 a.
1405 3803 1672 3859 Giton.—

643 3878 857 3948 Operam
889 3893 1177 3933 aranearum
1199 3884 1420 3952 perdam.
1459 3885 1671 3952 Ter-gam

635 3959 844 4010 Nonius
888 3960 944 4012 in
990 3962 1231 4016 Araneae.
1261 3965 1448 4018 ὅσων.
1475 3995 1553 4007 -—
1582 3964 1669 4016 Cf.

637 4038 784 4090 Asin.
811 4039 884 4103 11,
917 4045 946 4101 4
968 4078 982 4102 ,
1019 4059 1106 4108 19.

701 4119 808 4171 '28.
834 4119 1167 4172 Nasitemam.
1194 4122 1475 4195 Nmstqna,
1503 4139 1669 4192 genus

626 4198 764 4250 vasis
815 4199 1045 4268 aquarii,
1096 4205 1259 4254 ansati
1311 4212 1388 4256 et*
1415 4197 1665 4272 patentis,

1736 3091 1747 3100 ‘
1764 3099 1887 3138 tuor

2744 2345 2797 2386 20

1768 2530 1925 2604 quale
1948 2542 2051 2587 est,
2097 2546 2206 2600 quo
2232 2527 2360 2600 equi
2390 2536 2517 2598 post
2554 2527 2795 2584 confecta

1768 2609 1932 2681 spatia
1975 2609 2031 2660 in
2068 2608 2411 2662 Circensibus
2446 2606 2701 2678 perfundi
2736 2627 2795 2662 ac

1766 2689 1999 2744 recreari
2032 2688 2207 2741 solent
2240 2678 2471 2757 (Poenul.
2488 2687 2561 2750 V,
2590 2678 2687 2754 5);
2722 2688 2795 2742 ita

1767 2767 1944 2832 dicta,
1992 2766 2139 2838 quod
2182 2780 2287 2820 tres
2319 2786 2493 2831 nasos,
2540 2767 2648 2820 hoc
2688 2781 2794 2832 est,

1764 2867 1917 2902 ansas
1940 2848 2178 2900 haberet.
2203 2849 2283 2900 Ita
2302 2847 2608 2899 Vatinianis
2632 2847 2800 2900 calici·
2878 2857 2884 2860 “

1764 2929 1864 2980 bus
1888 2929 2113 2998 assignat
2134 2945 2276 2978 nasos
2298 2926 2453 2978 Mart.
2478 2938 2532 2977 et
2550 2927 2795 2980 Juvenal.

1772 3007 2047 3060 «Siccabis
2088 3005 2307 3060 calicem
2346 3023 2602 3058 nasorum
2644 3020 2798 3075 quat·

1925 3113 1973 3139 ι.
2024 3087 2184 3139 Seu..
2232 3119 2313 3127 —
2360 3083 2478 3136 Sine
2524 3086 2793 3155 subfragt'o.

1764 3157 2093 3237 Usurpatur‚
2126 3164 2223 3218 ubi
2260 3164 2378 3237 quis
2410 3165 2465 3217 in
2493 3167 2672 3218 alieno
2698 3185 2794 3222 ue-

1763 3246 1915 3316 gotio
1955 3245 2309 3320 imperiosior.
2350 3245 2585 3298 Cicerot
2639 3271 2663 3294 ι
2690 3243 2794 3298 Sed

1764 3343 1946 3395 quaero
1985 3323 2114 3398 quid
2143 3325 2244 3378 hac
2272 3343 2332 3376 re
2354 3325 2601 3398 turpius,
2631 3343 2789 3395 quam

1760 3406 1876 3456 sine
1931 3404 2315 3476 provocatione
2368 3417 2612 3470 senator,
2678 3405 2794 3458 sine

1761 3483 2025 3537 mandatis
2073 3485 2323 3554 legatus?
2356 3508 2378 3530 ι
2438 3485 2663 3538 Tuum.
2710 3515 2792 3526 --

1760 3563 1877 3616 Sine
1907 3563 2161 3634 subfragt'o
2189 3563 2365 3634 populi
2398 3564 2681 3616 aedilitatem
2712 3565 2791 3616 hic

1756 3649 1903 3712 gerit.
1930 3643 2289 3717 proverbialis
2312 3661 2485 3696 sermo
2508 3657 2588 3696 est
2618 3645 2675 3696 in
2700 3663 2790 3696 eos

1758 3725 1851 3796 qui
1885 3724 2003 3776 loco
2042 3723 2219 3776 alieno
2256 3736 2307 3776 et
2348 3721 2499 3776 domi
2534 3743 2646 3777 non
2684 3743 2791 3777 suae

1728 3804 1925 3856 ·multa
1952 3800 2377 3882 imperandoset
2417 3823 2523 3874 pro
2560 3803 2789 3874 imperio

1756 3882 1961 3954 agendo
1978 3922 1995 3948 ‚
2041 3881 2191 3952 quod
2243 3883 2329 3954 jus
2383 3901 2494 3934 non
2550 3883 2751 3936 habent
2772 3921 2786 3945 ‚

1758 3975 2047 4033 usurpant,
2084 3976 2137 4015 et
2164 3981 2260 4033 per
2288 3961 2681 4031 impudentiam
2712 3975 2789 4015 at-

1757 4060 1861 4113 que
1886 4041 2157 4094 audaciam
2181 4041 2284 4094 sibi
2305 4041 2531 4095 faciunt.
2550 4034 2763 4095 Giton-⁴¹

1841 4122 1932 4174 32.
1966 4121 2125 4191 Pinge
2158 4123 2366 4173 humum.
2392 4121 2518 4174 Scit.
2544 4121 2786 4174 floribus.

1756 4199 1844 4254 Sic
1874 4202 1932 4255 in
1961 4201 2281 4273 Appendice
2312 4199 2532 4272 Virgilii
2557 4221 2570 4252 ε
2620 4226 2643 4249 ι
2670 4201 2788 4253 Ver
