3067 5017
676 466 767 537 82
1454 461 2048 548 ΡοΕΝυιυε,

672 612 919 660 ΜιιΡΒ.
959 590 1160 659 Amat
1196 610 1234 655 a
1272 583 1511 653 lenone
1543 584 1679 653 hic.
1715 608 1892 654 ΒΑΝ.
1939 588 2184 654 Facere
2213 588 2550 681 sapienter
2581 604 2777 683 puto.

674 702 1134 771 n11LPH.I,eno
1151 697 1303 766 heic
1326 696 1588 765 habitat
1611 695 1894 765 vicinus.
1930 719 2106 766 ΒΑΝ.
2135 697 2316 768 Male
2335 698 2540 768 faxim
2561 698 2826 768 lubens,

668 835 924 882 mmm.
958 811 1039 880 Ei
1068 809 1215 878 duae
1250 806 1485 902 puellae
1522 821 1682 876 sunt
1715 806 2096 875 meretrices
2132 808 2407 879 servolae

671 923 951 990 Sorores
990 946 1007 989 ε
1054 944 1284 1009 earum
1321 918 1435 987 hie
1468 916 1747 987 alteram
1783 916 2096 986 ecflictim
2146 920 2363 1013 perit;
2751 942 2830 979 13⁵

669 1036 909 1126 Neque
950 1056 1097 1099 eam
1135 1029 1485 1099 incestavit
1519 1050 1844 1121 unquam.
1886 1050 2059 1097 ΒΑΝ.
2103 1028 2363 1099 Acerba
2399 1031 2772 1101 amatio’st.

668 1166 918 1211 MILPH.
948 1144 1147 1212 Nunc
1176 1138 1327 1208 leno
1361 1136 1770 1207 ludificatur.
1808 1160 1983 1207 ΒΑΝ.
2033 1140 2248 1207 Suum
2277 1155 2606 1233 quaestum
2635 1142 2828 1214 colit.

668 1274 920 1321 Mmpn.
946 1251 1123 1319 Hinc
1160 1248 1256 1318 illi
1296 1246 1541 1319 malam
1579 1272 1721 1317 rem
1761 1246 1922 1317 dare
1961 1246 2120 1317 volt.
2158 1273 2340 1322 ΒΑΝ.
2381 1254 2627 1346 Frugi,
2662 1255 2716 1321 si
2759 1255 2828 1323 id

964 1360 1146 1431 facit.

670 1497 921 1543 MILPH.
942 1475 1143 1543 Nunc
1164 1471 1295 1540 hoc
1308 1468 1668 1539 consilium
1685 1468 1902 1564 capi0,
1918 1482 1985 1536 et
2007 1468 2184 1539 hanc
2203 1466 2528 1541 fabricam
2545 1472 2832 1568 adpar0‚

672 1586 764 1652 Ut
807 1598 869 1651 te
912 1580 1300 1675 adlegemus
1323 1605 1342 1667 3
1386 1578 1556 1649 filias
1593 1578 1776 1648 dicas
1813 1594 1963 1647 tuas
1981 1630 2002 1665 ,
2753 1614 2834 1656 140

664 1695 1171 1789 Subreptasque
1206 1716 1347 1761 esse
1385 1689 1692 1785 parvolas
1731 1689 2189 1784 Carthagine,

668 1809 1015 1899 Mauuque
1059 1801 1317 1871 liberali
1358 1827 1558 1871 causa
1602 1800 1834 1870 ambas
1871 1798 2176 1887 adseras,

670 1916 884 2005 Quasi
930 1912 1084 1983 filiae
1121 1928 1252 1983 tuae
1290 1914 1427 1982 sint
1465 1914 1728 1982 ambae:
1772 1907 2152 2005 intellegis?

672 2051 845 2098 ΒΑΝ.
887 2023 1216 2120 Intellego
1236 2078 1255 2113 ‚
1294 2014 1519 2094 hercle
1543 2078 1562 2111 ,
1605 2048 1764 2093 nam
1799 2021 1968 2089 mihi
2007 2021 2168 2089 item
2201 2036 2418 2115 gnatae
2454 2022 2602 2093 duae

676 2140 851 2208 Cum
890 2136 1153 2206 nutrice
1190 2160 1327 2205 una
1364 2135 1698 2230 subreptae
1735 2147 1894 2201 sunt
1931 2129 2244 2225 parvolae.
2755 2162 2837 2205 145.

674 2270 923 2316 MILPH.
972 2244 1273 2339 Lepide,
1319 2244 1580 2333 hercle,
1623 2241 2035 2313 adsimulas:
2075 2240 2214 2335 jam
2261 2244 2328 2310 in
2368 2245 2708 2341 principio
2763 2252 2836 2320 id

968 2355 1134 2423 mihi
1172 2354 1408 2449 placet.

676 2492 848 2539 ΒΑΝ.
876 2465 1034 2550 Pol,
1066 2467 1313 2561 magiS,
1342 2489 1547 2561 quam
1579 2462 1836 2534 vellem.
1867 2486 2118 2533 ΜιιΡΒ.
2148 2462 2336 2534 Heu!
2374 2466 2630 2558 hercle,
2661 2496 2836 2539 mor-

972 2575 1171 2647 talem
1211 2591 1437 2645 catum
1460 2629 1480 2663 ,

677 2686 969 2772 Malum,
1006 2685 1423 2781 crudumque
1460 2698 1529 2753 et
1564 2682 1884 2752 callidum
1921 2698 2124 2778 atque
2161 2684 2563 2757 subdolum!

679 2801 778 2867 Ut
813 2796 1017 2866 adflet
1042 2849 1062 2883 ‚
1104 2821 1242 2890 quo
1280 2794 1450 2863 illud
1492 2809 1684 2887 gestu
1721 2792 1921 2862 faciat
1964 2790 2221 2863 facilius
2251 2792 2265 2862 ἔ

680 2903 795 2978 Me
830 2931 1101 3001 quoque
1135 2904 1305 2975 dolis
1334 2905 1477 3000 jam
1522 2919 1798 2997 superat
1833 2903 2382 2975 architectonem.
2761 2938 2844 2977 ιε.»

680 3042 855 3089 ΒΑΝ.
890 3014 1019 3086 Sed
1060 3040 1293 3083 earum
1338 3014 1610 3097 nutrix,
1647 3038 1782 3108 qua
1820 3013 1906 3081 sit
1941 3012 2108 3082 facie
2131 3067 2151 3101 ,
2193 3015 2362 3082 mihi
2399 3017 2658 3110 expedi.

682 3150 930 3197 ΜιιΡΒ.
971 3127 1240 3195 Statura
1284 3122 1466 3193 haud
1503 3148 1791 3217 magna,
1833 3148 2117 3217 corpore
2162 3125 2412 3219 aquilo,
2461 3151 2636 3199 ΒΑΝ.
2677 3134 2839 3225 Ipsa

978 3258 1056 3302 ea
1074 3234 1172 3303 'st.

659 3438 665 3445 ,
776 3370 909 3425 133.
936 3368 1094 3421 Amat
1112 3386 1145 3417 a
1172 3367 1337 3417 lenone
1353 3404 1369 3429 ,
1397 3379 1540 3419 amat
1558 3366 1716 3435 puel·
1804 3366 1877 3419 Et
1903 3366 2108 3419 utinam
2135 3385 2263 3421 vera
2291 3386 2404 3421 non
2431 3372 2630 3423 essent!
2656 3373 2833 3428 Boxu.

690 3454 799 3505 lam
826 3467 948 3521 qun
970 3448 1028 3502 in
1049 3446 1256 3499 lenoni·
1275 3447 1397 3516 jure
1418 3458 1511 3498 est.
1551 3445 1714 3498 Conf.
1894 3449 2024 3509 148.
2071 3446 2306 3501 Crudum.
2348 3448 2534 3503 Cruda
2561 3453 2678 3505 Deo
2703 3453 2840 3507 viri-

690 3530 913 3585 Curcul.
936 3530 1009 3592 V,
1050 3546 1081 3579 2
1102 3566 1119 3592 ‚
1155 3545 1241 3580 ιο.
1807 3524 2000 3597 disque
2025 3540 2284 3581 senectus.

779 3612 909 3663 136.
950 3609 1239 3671 Ince-stavit,
1279 3602 1339 3657 id
1368 3616 1479 3669 est,
1521 3604 1718 3658 vitium
1895 3612 2027 3675 149.
2058 3607 2278 3661 Gestum.
2311 3606 2576 3676 Supinum
2597 3629 2628 3664 a
2647 3632 2836 3681 ger-ere.

690 3690 887 3745 attulit.
907 3690 1079 3741 Boxn.
1897 3685 2028 3739 151.
2067 3688 2183 3756 Qua
2200 3690 2284 3742 sit.
2311 3687 2506 3741 Faciem
2533 3710 2638 3761 pro
2665 3694 2839 3747 totius

782 3770 914 3839 137.
942 3766 1094 3824 Suum
1115 3776 1287 3838 quoest.
1318 3764 1411 3817 col.
1440 3764 1493 3816 11
1499 3766 1612 3829 fait
1633 3784 1721 3817 son
1811 3767 2058 3835 corporis
2098 3767 2402 3837 colorisque
2433 3769 2622 3823 habitu
2654 3770 2793 3826 dixit
2816 3793 2836 3826 ε

696 3853 876 3901 me'tier.
911 3848 1156 3900 Lenones
1184 3844 1407 3916 perjuri.
1446 3843 1532 3898 Cf.
1561 3844 1722 3916 Capt.
1810 3864 1988 3915 neque
2010 3846 2152 3898 enim
2161 3847 2300 3912 facie
2318 3864 2378 3899 os
2394 3859 2598 3902 tantum
2621 3862 2675 3903 et
2690 3854 2840 3906 oculi

698 3928 844 3982 Prol.
869 3926 960 3997 57.
1810 3937 1866 3977 et
1881 3943 2050 3995 genae,
2077 3924 2134 3978 id
2160 3938 2267 3991 est,
2293 3928 2557 3995 πρόσωπον
2581 3943 2836 3985 notatur:

784 4013 913 4077 147.
960 4005 1083 4062 Pol,
1135 4006 1291 4075 magis
1340 4022 1483 4075 quam
1528 4003 1720 4055 venem.
1810 4003 1905 4056 sed
1935 4004 2105 4057 forma
2143 4006 2320 4058 omnis
2356 4020 2410 4059 et
2447 4006 2641 4062 modus
2676 4024 2730 4064 et
2762 4013 2840 4066 fa·

701 4088 888 4150 Certe,
919 4085 1125 4155 inquit,
1163 4082 1328 4154 magis
1358 4083 1473 4135 haec
1499 4083 1720 4135 assimu-
1811 4095 1960 4135 ctura
1997 4083 2242 4155 quaedam
2285 4086 2448 4139 totius
2493 4091 2760 4161 corporis,
2805 4111 2837 4145 a

698 4168 783 4231 lo,
824 4182 985 4237 quam
1023 4163 1247 4215 vellem:
1277 4180 1388 4214 non
1428 4162 1572 4213 enim
1610 4175 1720 4215 tam
1794 4162 2834 4235 Ῑὶιοίεηᾶο.1)ος1106ε11.ΧῙΙῙ,28611.

698 4246 1002 4301 assimulata
1032 4242 1148 4295 haec
1184 4253 1307 4295 sunt
1322 4280 1339 4307 ,
1379 4260 1538 4313 quam
1575 4259 1718 4295 vera.
1895 4262 1918 4295 1
1935 4242 2027 4297 52.
2050 4242 2264 4314 Corpore
2283 4247 2464 4316 aquilo.
2487 4247 2720 4319 Aquilus
2738 4270 2838 4305 co-
