3067 5017
840 472 1171 582 ACTUs
1220 518 1382 601 111,
1435 518 1767 589 SCENA
1816 521 1912 587 11.

2315 521 2452 618 169

310 641 478 707 Item
516 636 617 703 his
659 634 1005 731 discipulis
1040 638 1267 731 privos
1302 641 1612 711 custodes
1647 640 1843 713 dabo.

310 772 461 818 coc.
489 746 673 815 Habe
706 747 909 815 modo
937 748 1195 817 bonum
1230 750 1551 819 animum.
1593 774 1793 821 BALL.
1832 752 2109 841 Quaeso,
2143 752 2262 847 qui
2295 779 2450 849 pos-

599 846 721 913 sim
740 898 761 930 ,
798 844 962 913 doce
977 898 996 928 ,

306 954 627 1023 Animum
655 955 916 1023 bonum
949 955 1231 1039 habere,
1264 958 1380 1051 qui
1412 972 1479 1029 te
1506 957 1593 1037 ad
1618 984 1727 1027 me
1760 958 2090 1031 adducam
2128 960 2449 1033 domum?

310 1088 463 1135 coc.
504 1065 685 1152 Quia
720 1066 1089 1135 sorbitione
1124 1065 1365 1137 faciam
1402 1093 1529 1162 ego
1571 1083 1638 1137 te
1669 1068 1872 1139 hodie
1915 1095 2103 1158 mea,

308 1176 477 1241 Item
512 1190 591 1243 ut
629 1174 869 1243 Medea
907 1174 1157 1245 Peliam
1200 1179 1511 1247 concoxit
1545 1204 1770 1248 senem
1801 1206 1816 1247 ε
2391 1204 2442 1241 ⁸0

308 1284 527 1371 Quem
564 1283 1049 1355 medicamento
1084 1302 1153 1357 et
1190 1288 1325 1357 suis
1368 1289 1644 1357 venenis
1680 1289 1926 1360 dicitur

308 1394 561 1463 Fecisse
607 1420 838 1465 rursus
880 1409 976 1465 ex.
999 1421 1155 1465 sene
1200 1397 1809 1468 adulescentulum:

306 1508 470 1573 Item
506 1530 632 1598 ego
671 1520 735 1574 te
772 1506 1031 1575 faciam.
1068 1532 1267 1577 BALL.
1300 1509 1479 1592 Eho,
1516 1534 1604 1578 an
1634 1525 1707 1581 tu
1735 1510 1935 1579 etiam
1966 1512 2349 1583 veneficus?

310 1638 463 1686 coc.
507 1620 693 1702 1m0,
722 1616 1008 1709 edepol,
1048 1642 1207 1687 vero
1249 1618 1605 1689 hominum
1647 1635 1948 1690 servator
1988 1623 2222 1713 magis.

312 1748 504 1795 mu..
535 1728 711 1793 Hem
747 1751 980 1795 mane:
1008 1729 1248 1821 quanti
1282 1729 1457 1799 istuc
1494 1755 1709 1798 unum
1740 1756 1848 1797 me
1892 1732 2254 1825 coquinare
2292 1757 2445 1826 per-

600 1836 798 1906 doces
818 1836 848 1906 Ξ)

2397 1864 2449 1903 85

308 1968 462 2016 coc.
503 1946 740 2035 Quid?
773 1972 975 2017 BALL.
1009 1950 1109 2019 Ut
1144 1964 1209 2016 te
1242 1972 1499 2019 servem
1519 2002 1540 2035 ,
1575 1976 1661 2019 ne
1685 1950 1848 2044 quid
1885 1951 2216 2045 subripias
2253 1952 2445 2021 mihi.

308 2080 459 2126 coe.
490 2058 564 2126 Si
590 2058 855 2144 crediS‚·
882 2082 1135 2144 num03
1174 2060 1230 2126 si
1269 2084 1435 2147 non,
1477 2085 1564 2128 ne
1599 2060 1782 2128 mina
1820 2060 2116 2155 quidem.

310 2166 435 2234 Sed
477 2181 706 2235 utrum
748 2167 979 2235 amicis
1022 2168 1266 2254 hodie,
1301 2194 1389 2238 an
1432 2170 1720 2239 inimicis
1769 2171 1904 2239 tuis

312 2279 608 2346 Daturus
640 2280 953 2348 coenam?
990 2303 1189 2349 BALL.
1229 2278 1382 2367 Pol,
1420 2305 1545 2374 ego
1585 2281 1856 2369 amiciS‚
1897 2281 2172 2351 scilicet.

310 2410 459 2457 coc.
490 2387 679 2475 Quin
710 2402 787 2457 tu
818 2386 936 2457 illo
960 2389 1265 2457 inimicos
1302 2390 1527 2483 potius
1550 2443 1569 2473 ‚
1608 2415 1810 2485 quam
1841 2392 2092 2461 amicos
2124 2392 2367 2461 vocas?
2394 2426 2448 2465 90

308 2500 479 2567 Nam
513 2523 641 2592 ego
674 2499 769 2567 ita
798 2499 1099 2567 convivis
1130 2524 1389 2568 coenam
1426 2500 1770 2568 conditam
1805 2499 1981 2567 dabo

309 2609 521 2677 Hodie
548 2662 567 2695 ‚
606 2623 809 2703 atque
853 2609 947 2677 ita
979 2610 1305 2697 suavitate
1350 2608 1698 2695 condiam‚

308 2826 471 2878 quum
490 2828 603 2863 non
624 2809 1000 2881 intelligerent,
1021 2823 1326 2863 mutarunt:

308 2885 459 2953 dein,
483 2890 610 2959 quia
648 2909 834 2943 versus
874 2891 1103 2943 nimium
1148 2909 1330 2943 excre-

311 2969 517 3033 scebat,
557 2967 776 3041 quidam
808 2988 995 3023 vocem
1022 2970 1169 3021 simul
1193 2970 1329 3041 reje-

310 3066 426 3101 cere
469 3049 529 3100 in
580 3061 893 3121 sequentem
944 3068 1196 3101 versum:
1241 3049 1331 3103 alii

310 3130 414 3179 istic
436 3146 466 3181 e
493 3147 652 3181 versu
678 3128 1025 3182 sustulerunt.
1054 3129 1307 3183 Manena.

388 3212 484 3278 76.
521 3209 819 3280 Discipuli-5,
867 3208 1173 3281 subcoquis.
1203 3208 1325 3261 Aul.

309 3286 391 3339 ΠΙ
406 3326 423 3352 ,
466 3308 519 3354 1,
553 3296 607 3352 4.
626 3318 707 3332 —-
724 3290 902 3354 ‚Privos
932 3289 1147 3341 custodes
1182 3288 1329 3343 dabo,

311 3366 448 3419 Ρνίνί
488 3382 714 3435 vetuste,
766 3369 861 3439 qui
911 3369 1069 3421 nobis
1115 3368 1330 3439 singuli.

310 3446 574 3501 Lucilius:
602 3475 624 3497 ι
644 3449 925 3501 Cultieulae
946 3446 1208 3501 accedunt
1225 3450 1331 3519 pri-

312 3544 389 3579 vae
411 3528 719 3582 centonibu’
743 3528 885 3581 binis
904 3554 952 3581 ι.
970 3528 1023 3579 J.
1052 3528 1203 3595 θυι,

390 3625 486 3675 79.
508 3608 649 3670 Mea,
672 3626 833 3679 quam
860 3606 1172 3661 condivero.

390 3687 483 3739 80.
536 3688 607 3739 Ut
638 3688 818 3741 Medea
858 3688 1052 3741 Peliam
1092 3690 1328 3739 concoxit.

312 3764 392 3819 De
428 3769 621 3820 AEsone
662 3768 767 3821 hoc
811 3766 1071 3830 traditur,
1116 3787 1225 3820 non
1264 3764 1333 3819 de

312 3844 451 3898 Pelia
490 3864 504 3898 :
551 3847 699 3899 hunc
748 3846 891 3899 enim
946 3845 1333 3919 concoquendo

310 3924 532 3981 necavit.
576 3927 793 3979 Jocatus
827 3926 991 3997 igitur
1022 3938 1099 3977 est
1132 3940 1185 3979 et
1211 3926 1335 3979 lusit

312 4003 525 4057 Plautus
546 4005 747 4058 sciens:
772 4007 857 4058 vel
878 4019 958 4058 est
979 4005 1083 4059 hoc
1108 4026 1337 4077 μνημονι-

312 4084 391 4135 κὸν
424 4085 720 4155 ἁμάρτημα..
753 4086 972 4139 Cannu.
1007 4117 1085 4127 --
1119 4087 1335 4139 Plautus

312 4162 400 4215 hic
416 4163 483 4217 de
506 4164 771 4219 industria
784 4166 1055 4219 affectasse
1072 4168 1127 4217 τὸ
1148 4168 1333 4235 πρέπον

304 4242 489 4311 famoe,
529 4264 649 4315 quae
692 4244 986 4315 plurimum
1036 4244 1251 4312 mendi,
1292 4244 1338 4299 si

1426 2807 1724 2883 praesertim
1765 2806 1834 2861 de
1867 2827 1927 2861 re
1955 2808 2228 2861 vetustiori
2255 2808 2348 2875 sit,
2377 2828 2454 2863 ee·

1426 2909 1552 2944 cum
1572 2888 1750 2943 trahit.
1775 2890 1956 2955 Quum
1979 2889 2263 2943 enimhaec
2289 2890 2455 2943 histo·

1426 2970 1507 3025 ria
1549 2989 1579 3023 a
1606 2970 1767 3041 vulgo
1801 2968 2088 3041 depravate
2121 2982 2454 3033 narraretur,

1427 3050 1646 3103 Plautus
1672 3049 1820 3119 vulgi
1839 3067 2076 3101 errorem
2102 3046 2280 3100 studio
2304 3050 2453 3119 sequi

1428 3130 1629 3195 voluit,
1648 3148 1710 3181 ex
1730 3148 1838 3199 quo
1863 3132 2054 3181 errore'
2067 3128 2223 3197 plane
2241 3146 2458 3197 prover-

1426 3208 1580 3261 bium
1619 3209 1882 3279 originem
1928 3220 2158 3261 traxerat
2183 3226 2194 3259 :
2240 3233 2262 3254 a
2293 3208 2456 3258 Tam-

1427 3308 1588 3359 quam
1621 3288 1818 3341 Peliam
1853 3305 2148 3357 recoquere
2168 3312 2189 3333 ¹·
2218 3304 2234 3339 t
2263 3304 2374 3357 quo
2402 3298 2455 3339 et

1428 3370 1618 3423 Cicero
1643 3368 1718 3421 ita
1745 3369 1929 3421 utitur.
1954 3366 1996 3419 F
1998 3386 2199 3419 numm.

1510 3448 1606 3502 83.
1633 3448 1690 3499 V
1683 3446 1884 3517 eneficus
1893 3486 1910 3512 ,
1930 3466 2114 3517 magus
2130 3486 2145 3511 ,
2169 3442 2457 3517 praestigia-

1428 3541 1536 3593 tor,
1561 3526 1686 3599 quia
1709 3528 1927 3580 venenis
1954 3528 2261 3578 utebantur.

1511 3612 1543 3663 8
1555 3613 1606 3671 4.
1624 3605 1868 3659 Servator.
1897 3606 2059 3657 Ludit
2077 3604 2448 3673 ambiguitate3

1430 3688 1586 3759 quasi
1615 3688 1914 3739 veneficum
1945 3684 2269 3757 intellegeri't
2301 3702 2422 3736 eum
2440 3723 2460 3749 ,

1431 3767 1525 3839 qui
1558 3779 1712 3819 necet
1737 3782 1942 3819 veneno
1965 3762 2228 3817 homines.

1515 3846 1609 3901 85.
1664 3846 1796 3898 Istue
1843 3864 2013 3908 unum,
2069 3856 2173 3895 etc.
2246 3844 2456 3907 Quanta

1432 3924 1680 3979 mercede
1712 3945 1798 3978 me
1831 3923 2047 3977 docebis
2069 3942 2237 3975 unum
2265 3921 2459 3976 condi-

1433 4019 1677 4059 mentum
1705 4002 1966 4059 condire?
1992 4002 2261 4075 quodnam
2281 4015 2460 4053 autem

1434 4086 1549 4139 est?
1576 4086 1776 4138 scilicet
1795 4086 2099 4138 observatio
2123 4084 2196 4136 ita
2213 4082 2461 4152 diligens,

1435 4179 1494 4218 ut
1526 4184 1730 4237 coquus
1755 4163 1838 4216 vel
1871 4164 2232 4219 furacissimus
2256 4158 2462 4231 nequid

1436 4244 1714 4317 subripere
1736 4245 1920 4319 possit.
