3067 5017
573 409 718 494 586
773 511 782 517 ,
1329 422 1954 512 Qunam,

1151 660 1478 751 SCEN
1488 662 1568 747 A
1640 661 2142 750 TERTIA.

745 891 1450 985 MAuDROGEnUs
1463 967 1484 1001 ,
1533 913 2066 1006 ρυιῑιιοωε,
2116 919 2526 990 ΛιιΒιιΕιι.

662 1151 943 1199 manna.
979 1131 1124 1198 Ave
1150 1182 1170 1214 ‚
1211 1129 1307 1198 mi
1341 1125 1684 1220 Querole!
1739 1151 1952 1212 QUBR.
1987 1130 2207 1199 Etiam
2250 1128 2529 1219 salutas,
2574 1129 2719 1202 fur-

563 1234 753 1327 cifer,
788 1240 978 1333 quasi
1013 1239 1216 1308 hodie
1255 1263 1364 1310 me
1407 1261 1545 1308 non
1580 1237 2191 1309 viderisi’nnlvmi.
2221 1239 2420 1326 vidi,
2454 1239 2715 1335 edepol,

561 1362 629 1417 te
649 1402 669 1435 ,
715 1350 1066 1445 visumque
1121 1351 1366 1422 iterum
1413 1348 1693 1442 gaudeo.
1734 1373 1953 1432 Qnmz.
1996 1351 2087 1419 At
2128 1373 2257 1444 ego
2289 1351 2435 1444 jam
2484 1375 2670 1420 nunc
2691 1406 2712 1440 ,

567 1455 676 1558 [si]
713 1461 870 1529 vivo
892 1514 913 1548 ‚
955 1461 1216 1548 faciam,
1253 1485 1337 1528 ne
1373 1475 1450 1528 tu
1483 1458 1989 1532 iterumfacias.
2024 1483 2313 1530 Mamm.
2352 1461 2525 1549 Eho,
2544 1463 2715 1556 quid

559 1569 955 1639 nomnen-ui?
977 1590 1188 1652 Qum.
1209 1573 1456 1664 Rogas»,
1491 1569 1785 1656 sceleste,
1810 1571 1931 1664 qui
1970 1571 2175 1640 hodie
2212 1571 2487 1640 domum
2528 1575 2715 1667 e'xpi-

562 1676 715 1748 lasti
746 1681 1012 1749 meam?
1047 1702 1328 1751 mmm.
1367 1681 1576 1752 Missa
1613 1682 1791 1750 istaee
1834 1679 1983 1750 face
2021 1707 2039 1750 z
2083 1707 2222 1751 non
2268 1671 2417 1752 sum
2450 1676 2717 1755 alienus

560 1789 806 1860 vobis-2
853 1781 1131 1861 domum
1187 1799 1452 1888 egomet
1503 1791 1697 1860 istam
1726 1885 1733 1890 .
1744 1791 1885 1884 jam
1938 1791 2199 1885 pridem
2254 1791 2427 1862 eolo.
2466 1813 2709 1875 ‘Quum

553 1902 813 1968 Iterum
865 1900 963 2000 ‚ad
1031 1903 1376 2000 magicas?
1416 1911 1656 1970 aurum
1725 1901 2141 2008 subripuisti·
2190 1902 2394 1972 hodie
2454 1929 2707 1975 meum.

555 2017 842 2104 imnum.
869 2012 1197 2080 Fortassis
1210 2013 1364 2106 jure
1384 2011 1535 2082 feci.
1566 2015 1723 2085 Non
1750 2012 2125 2088 debebatur
2150 2012 2411 2088 etmihi
2437 2011 2469 2082 ἱ)
2494 2037 2709 2096 Quen.

555 2119 819 2204 Pulere,
849 2119 1132 2216 edepol:
1167 2120 1346 2191 solus
1391 2123 1633 2192 exinde
1668 2122 1783 2192 hie
1812 2121 1957 2194 fui:
1998 2124 2275 2194 ubinam
2315 2123 2481 2196 mihi
2520 2149 2711 2195 nunc

552 2243 629 2298 tu
671 2229 886 2300 frater
905 2233 1236 2320 nasceris,
1274 2248 1341 2302 et
1367 2231 1673 2302 novellus
1710 2244 1777 2302 et
1812 2234 2061 2302 senex?
2098 2234 2276 2304 unde
2304 2235 2543 2303 subito'
2568 2249 2706 2304 tam

555 2354 857 2410 vetustus
877 2395 898 2428 ,
927 2343 1045 2435 qui
1071 2351 1290 2437 nuper
1320 2351 1519 2412 natus
1538 2353 1678 2411 n'on
1710 2343 2095 2416 era's'i’Nam
2114 2343 2457 2418 si'fratre‘m
2478 2366 2706 2419 meum

550 2463 619 2519 te
653 2453 793 2520 'esse
829 2450 1177 2522 adseveres
1198 2508 1219 2542 ,
1268 2453 1561 2548 perdite,
1602 2453 1777 2526 illud
1815 2478 1999 2523 nune
2034 2469 2269 2539 restat,
2308 2469 2387 2524 ut
2420 2471 2489 2524 te
2520 2456 2707 2526 dicas

549 2560 899 2632 bimulum.
929 2565 1107 2634 Nam
1145 2565 1347 2632 tertio
1387 2589 1568 2633 anuo
1602 2579 1795 2660 pater
1830 2589 2019 2634 meus
2058 2563 2461 2653 ille’EueliO,
2488 2588 2703 2660 quum

546 2686 648 2740 est
687 2671 1052 2772 profectuS,
1088 2697 1222 2760 me,
1264 2673 1512 2760 hercle,
1558 2673 1829 2768 reliquit
1881 2674 2101 2744 §solum
2144 2687 2349 2768 atque
2398 2677 2698 2747 unicum.

546 2804 827 2854 ΜΑιιοιι.
857 2783 1224 2880 Superflua
1259 2798 1421 2886 sunt
1452 2784 1625 2854 ista.
1652 2785 1949 2853 cohaeres
1976 2795 2103 2879 ego
2135 2802 2305 2870 sum,
2329 2799 2465 2852 non
2494 2783 2706 2852 frater

547 2893 693 2962 tibi.
739 2903 974 2976 Quam·
994 2895 1152 2964 Non
1202 2907 1417 2979 recte,
1455 2893 1729 2988 edepol,
1772 2895 1924 2962 'fieri
1978 2887 2177 2964 istud
2211 2838 2485 2964 solebat.
2524 2897 2701 2966 Nam

545 3001 838 3089 mallem,
881 3004 1130 3089 amice,
1156 3003 1434 3072 fratmm
1461 3018 1530 3072 te
1562 3015 1766 3103 quam
1793 3004 2204 3075 eohaeredem
2242 3029 2385 3074 esse
2420 3022 2697 3074 asseras·

544 3136 827 3184 malma.
861 3113 1048 3202 Quid
1089 3111 1318 3183 multis
1363 3137 1535 3214 opus
1572 3131 1695 3199 est,
1732 3114 2081 3204 Querole?
2119 3114 2330 3206 Quod
2368 3115 2697 3208 seriptum

546 3239 684 3312 est,
717 3223 877 3317 lege.
911 3227 1118 3294 Sume
1154 3225 1401 3319 igitur:
1433 3225 1597 3328 uovi
1632 3225 1831 3296 sidem
1870 3240 2176 3294 vestram.
2201 3249 2410 3308 QUER.
2431 3224 2699 3320 Hercle

546 3332 927 3428 explorasti.
969 3337 1178 3420 Hem,
1215 3335 1381 3434 quid
1423 3319 1597 3404 istuc‘
1632 3337 1784 3405 est?
1818 3340 2091 3406 «Senex
2128 3334 2363 3408 Euclio
2391 3334 2697 3440 Querolo

541 3441 844 3520 Salutem
881 3442 1046 3512 dicit
1087 3388 1251 3515 filio,
1303 3447 1483 3548 Quia
1526 3429 1787 3518 furtum
1826 3428 2093 3515 tibimet
2132 3445 2277 3513 fieri
2321 3457 2690 3514 metuerem

535 3580 656 3651 pe1
694 3579 958 3622 servum
999 3553 1104 3622 vel
1133 3567 1254 3649 per
1286 3565 1680 3625 extraneum
1717 3541 2695 3650 quemlibet,Mandroger01i-

533 3681 667 3736 tem
706 3662 972 3738 fidelem
1007 3666 1296 3762 amicum
1333 3680 1401 3735 et
1441 3691 1717 3762 peregre
1770 3666 1937 3734 mihi
1975 3665 2323 3760 cognitum
2360 3663 2447 3731 ad
2486 3667 2555 3730 te
2590 3661 2691 3732 di-

533 3776 719 3861 rexi,
754 3789 831 3844 ut
854 3799 908 3844 is
939 3776 1240 3864 tibimet,
1287 3778 1468 3872 quod
1508 3777 1792 3870 reliqui,
1828 3777 1977 3844 sine
2008 3761 2255 3844 fraude
2274 3773 2684 3842 ostenderet.

531 3887 708 3957 Huic
732 3901 807 3956 tu
829 3885 1126 3956 medium
1148 3885 1444 3958 thesauri
1480 3888 1703 3974 dabis,
1728 3888 1782 3955 si
1816 3886 2033 3955 fides
2016 3869 2223 3982 lpsius
2246 3873 2449 3978 atque
2475 3909 2685 3976 opera

533 3995 991 4091 expostulat.»
1043 3999 1248 4084 Hem,
1313 3998 1551 4080 sodes,
1584 3996 1934 4094 paululum
1990 3997 2057 4064 in
2102 4009 2291 4090 parte
2332 3995 2465 4068 huc
2500 3992 2679 4096 ades,

526 4103 714 4180 Nihil
753 4107 911 4175 huie
953 4105 1180 4176 deberi
1222 4133 1328 4176 res
1379 4111 1518 4202 ipsa
1572 4109 1847 4206 exponit
1890 4115 1958 4176 et
2008 4106 2199 4175 docet
2238 4129 2255 4172 z
2293 4103 2403 4172 sed
2443 4129 2683 4196 usque-

517 4241 784 4324 quaque
821 4218 873 4286 si
912 4216 1131 4311 placet
1166 4220 1233 4286 in
1275 4245 1643 4306 summam,
1685 4221 1736 4287 si
1775 4217 2047 4288 libuerit
2072 4214 2368 4311 ,aliquid
2404 4214 2681 4285 dabitur
