3067 5017
895 439 1226 509 Ac‘rth
1272 440 1362 526 v,
1410 435 1742 510 scENA
1788 437 1894 510 11.
2167 473 2171 479 -
2333 423 2475 510 585'

322 563 765 638 dicis?1³A1t·1·.
793 561 983 651 Quid
1007 587 1134 656 ego
1162 561 1316 632 dico
1341 562 1567 633 nunc?
1584 562 1747 632 flere
1778 577 1857 631 ut
1885 559 2164 657 posthac
2190 559 2474 634 desinas.

323 703 542 762 Quen.
583 681 780 747 Mens
815 673 978 742 mihi
1020 672 1268 770 gaudio
1301 689 1404 747 est
1439 671 1717 744 confusa
1746 698 1763 741 ε
1811 672 1977 766 quid
2014 672 2306 768 primum
2342 688 2480 742 stu-

325 813 520 884 peam
543 801 610 856 et
633 784 960 882 gaudeam
977 783 1008 853 i>
1025 781 1469 854 consiliumne
1495 783 1673 854 senis
1705 784 1915 852 nostri
1951 807 2038 852 an
2070 783 2480 854 divinitatis?

259 883 266 893 ’
326 923 488 970 Anu.
544 901 626 966 In
679 895 914 991 primis
956 895 1214 964 bonum
1258 894 1649 964 divinitatis
1710 895 1887 966 Nam
1926 894 1979 962 si
2015 894 2101 963 ad
2137 894 2481 968 hominem

329 1007 819 1104 respiciendum
876 995 1008 1093 est,
1065 1001 1260 1074 facile
1320 1004 1742 1100 intellegitur
1790 1018 1863 1074 et
1903 1018 2222 1099 apparet,
2265 1004 2480 1073 furem

327 1119 454 1188 tibi
492 1116 644 1212 plus
683 1115 1014 1212 profuisse
1055 1138 1258 1207 quam
1297 1129 1581 1208 patrem.
1616 1139 1831 1198 ann.
1872 1113 2059 1204 Quid
2104 1113 2187 1183 de
2236 1128 2484 1186 memet

328 1251 592 1312 censes,
629 1226 750 1319 qui
795 1239 932 1295 tam
983 1224 1176 1294 tarde
1215 1225 1607 1320 agnoverim
1650 1224 2025 1319 fragmenta
2061 1247 2247 1294 urnae
2283 1223 2487 1297 illius,

329 1361 534 1432 quam
571 1336 715 1430 jam
756 1334 1014 1404 dudum
1060 1333 1426 1416 noveram?
1460 1359 1625 1406 Ana.
1672 1338 1819 1430 Ego
1862 1334 2033 1405 mihi
2073 1359 2213 1404 non
2258 1334 2481 1404 credi·

329 1443 596 1534 deram,
627 1445 757 1514 nisi
779 1445 964 1539 quod
998 1443 1178 1515 illico
1211 1445 1474 1542 inspexi
1506 1444 1730 1515 locum
1769 1455 2150 1540 terramque
2184 1459 2480 1533 motam;

329 1571 488 1626 ante
525 1556 655 1626 hoc
697 1581 836 1625 non
865 1555 1140 1626 credidi.
1185 1578 1396 1640 PAN‘r.
1429 1555 1635 1650 Atqui
1672 1579 1797 1650 ego
1836 1555 2004 1624 nihil
2042 1553 2482 1639 dubitationis

331 1667 598 1762 recepi,
643 1665 762 1744 ubi
799 1665 868 1734 in
910 1665 1169 1735 testulis
1203 1664 1525 1759 quasdam
1573 1663 1795 1734 literas
1827 1664 1985 1733 vidi.
2032 1688 2243 1748 omen.
2298 1667 2482 1756 Ergo

330 1775 515 1848 istaec
543 1775 772 1847 omnia
807 1774 1304 1871 Mandrogerus
1350 1773 1462 1844 ille
1503 1773 1723 1844 fecit?
1762 1799 1923 1846 Ana.
1962 1778 2105 1846 Aut
2134 1773 2298 1868 quid
2335 1771 2481 1840 fieri

331 1884 514 1965 aliud
552 1881 824 1980 potest?
855 1897 1064 1968 Qui-311.
1095 1887 1161 1952 O
1193 1881 1587 1956 sceleratum
1626 1883 1969 1956 hominem
1987 1938 2005 1968 ,
2050 1908 2323 1979 magum
2350 1907 2487 1972 ma-

331 1995 769 2080 thematicum
801 1995 919 2090 qui
955 2020 1098 2064 sese
1133 1993 1410 2066 diceret!
1441 1997 1679 2090 Egone
1706 1995 2019 2066 manibus
2056 1995 2220 2064 meis
2258 1990 2487 2086 praesi-

332 2105 523 2174 dium
556 2119 910 2200 paternum
941 2120 1020 2174 ut
1052 2102 1358 2173 efferrem
1399 2103 1482 2174 de
1533 2105 1775 2192 domo,
1820 2129 1946 2198 ego
1992 2118 2239 2174 memet
2295 2101 2481 2190 domi

333 2215 767 2286 reconderem
789 2268 808 2298 ‚
845 2239 971 2308 ego
1007 2228 1084 2283 ut
1109 2213 1420 2283 redeunti
1449 2213 1789 2284 obviarem
1819 2212 2181 2284 thesauro?
2208 2216 2355 2282 Hoc
2384 2225 2486 2280 est

335 2325 568 2422 plane,
586 2325 772 2419 quo'd
799 2330 933 2398 Lar
951 2322 1296 2394 familiaris
1332 2323 1641 2419 praedixit
1660 2348 1849 2392 meus
1871 2374 1892 2409 ‚
1924 2325 2129 2393 etiam
2165 2320 2482 2412 renitenti

337 2462 416 2508 ac
471 2437 874 2531 repugnanti
931 2449 1212 2504 ventura
1273 2434 1440 2503 mihi
1515 2433 1742 2526 omnia
1786 2433 1989 2501 bona.
2036 2457 2198 2503 Ann-
2254 2433 2483 2520 Quam

338 2544 572 2642 pulcre
619 2547 872 2616 factum
921 2561 1058 2630 est,
1124 2559 1200 2614 ut
1255 2522 1593 2641 cupiditas
1641 2542 1987 2615 falleretur
2040 2543 2135 2612 sic
2189 2541 2485 2635 hominis

341 2651 789 2728 fallacissimi!
827 2679 1042 2739 Quen
1075 2654 1342 2745 Credis,
1373 2655 1630 2725 arbiter
1674 2678 1898 2739 meus,
1935 2667 2014 2722 ut
2052 2653 2231 2722 nosti
2264 2675 2487 2720 mores

337 2766 697 2839 munificos
739 2767 976 2854 nimis,
1011 2790 1396 2854 munerare,
1435 2764 1685 2854 hercle,
1722 2765 1970 2859 possim
2006 2763 2392 2844 hominem,
2430 2759 2487 2828 si
2537 2756 2547 2760 ⁴

343 2874 806 2956 nanciscerer?
849 2881 954 2946 Ita
990 2874 1270 2946 ridicule
1308 2874 1661 2946 sceleratus
1701 2874 1869 2962 fuit,
1918 2863 2119 2969 atque
2166 2873 2308 2966 ipse
2346 2895 2487 2940 sese

344 2984 501 3056 lusit
538 2987 610 3057 in
646 2987 978 3056 omnibus,
1017 3009 1180 3056 Anu.
1216 2984 1339 3056 Ille
1367 2985 1641 3080 quidem
1664 3038 1683 3072 ,
1722 2999 1811 3070 ut·
1833 2985 2115 3074 scimus,
2143 2981 2316 3052 male
2348 3005 2486 3050 me-

345 3098 482 3168 ruit
510 3095 846 3192 perfidus:
897 3096 1012 3166 sed
1040 3096 1360 3190 quoniam
1400 3097 1520 3166 tibi
1565 3122 1685 3191 per
1729 3094 1917 3174 illum
1949 3097 2487 3190 benevenerunt

347 3205 596 3294 omnia,
629 3205 886 3274 omneis
919 3205 1016 3274 illi
1042 3205 1214 3274 bene
1246 3193 1562 3300 optamus
1583 3259 1603 3293 ‚
1638 3204 1841 3293 fact0,
1880 3231 2017 3276 non
2063 3204 2303 3273 merito
2346 3227 2486 3272 suo·

348 3339 557 3400 QUER.
613 3319 834 3404 Attat,
871 3315 1196 3410 quidnam
1229 3315 1377 3384 esti>
1411 3316 1539 3384 nisi
1585 3313 1805 3402 fallor,
1844 3313 2337 3407 Mandrogerus
2375 3309 2489 3378 ille

351 3441 451 3494 est
485 3425 782 3511 eminus;
822 3425 1144 3521 quidnam
1181 3425 1294 3496 illc
1324 3426 1434 3496 hic
1465 3425 1765 3496 revenit?
1802 3449 2077 3512 novum,
2110 3423 2335 3508 cred0‚
2376 3419 2490 3489 ali.-

351 3535 532 3628 quod
563 3535 974 3631 praestigium
1009 3537 1250 3606 iterum
1272 3536 1398 3606 hac
1430 3537 1719 3606 exhibet.
1762 3535 1893 3604 Abi
1923 3532 2227 3622 celeriter
2271 3533 2451 3600 intus
2473 3583 2494 3616 ‚

352 3643 773 3732 Pantomale,
817 3661 882 3714 et
927 3646 1302 3740 fragmenta
1342 3671 1530 3716 urnae
1574 3632 1753 3716 illius
1787 3644 1899 3715 hic
1932 3643 2021 3713 ad
2066 3668 2190 3715 nos
2227 3641 2491 3726 exhibe.

352 3779 510 3826 ARB.
545 3754 796 3842 Placet,
827 3755 1068 3824 hercle.
1089 3779 1300 3838 ann.
1325 3759 1388 3826 O
1415 3755 1594 3824 bone
1626 3755 1899 3842 arbiter,
1926 3750 2358 3822 fraudulento
2390 3750 2499 3820 isti

355 3888 668 3958 magnam
723 3865 1074 3934 iniciemus
1125 3861 1581 3934 calumniam:
1621 3865 2011 3960 thesaurum
2056 3875 2379 3930 nostrum
2411 3861 2497 3933 ab

357 3975 486 4044 hoc
519 3990 824 4069 ereptum
869 4000 1216 4069 poscamus
1247 3974 1451 4044 modo
1478 3989 1741 4068 ,atque
1770 3951 2193 4042 adstruamus
2229 3969 2371 4038 ab
2354 3995 2502 4065 lpSQ

357 4084 572 4156 nobis
583 4083 882 4154 alienum
911 4101 1255 4155 mortuum
1284 4109 1427 4154 esse
1459 4084 1838 4177 conjectum
1874 4083 2076 4152 domi.
2124 4106 2287 4152 ΑΕΒ.
2326 4085 2501 4152 Con-

360 4189 582 4266 silium
608 4192 850 4288 placet.
873 4219 1083 4280 Qui-211.
1108 4195 1538 4291 Propositum
1555 4219 1717 4290 ergo
1748 4194 2101 4278 retineam:
2127 4207 2503 4286 sequuntur

361 4315 648 4374 caetera„
