<?xml version="1.0" encoding="UTF-8"?>
<!DOCTYPE html PUBLIC "-//W3C//DTD XHTML 1.0 Transitional//EN"
    "http://www.w3.org/TR/xhtml1/DTD/xhtml1-transitional.dtd">
<html xmlns="http://www.w3.org/1999/xhtml" xml:lang="en" lang="en">
 <head>
  <title>
</title>
<meta http-equiv="Content-Type" content="text/html;charset=utf-8" />
  <meta name='ocr-system' content='tesseract 3.04.00' />
  <meta name='ocr-capabilities' content='ocr_page ocr_carea ocr_par ocr_line ocrx_word'/>
</head>
<body>
  <div class='ocr_page' id='page_1' title='image "./macciiplauticom00naudgoog_0170.png"; bbox 0 0 3067 5017; ppageno 0'>
   <div class='ocr_carea' id='block_1_1' title="bbox 478 2798 1392 2870">
    <p class='ocr_par' dir='ltr' id='par_1_1' title="bbox 478 2798 1392 2870">
     <span class='ocr_line' id='line_1_1' title="bbox 478 2798 1392 2870; baseline -0.003 -16"><span class='ocrx_word' id='word_1_1' title='bbox 478 2836 490 2847; x_wconf 70' lang='lat'>=</span> <span class='ocrx_word' id='word_1_2' title='bbox 601 2798 776 2854; x_wconf 85' lang='lat' dir='ltr'><strong>codd.</strong></span> <span class='ocrx_word' id='word_1_3' title='bbox 835 2798 1053 2870; x_wconf 84' lang='lat' dir='ltr'><strong>quidem</strong></span> <span class='ocrx_word' id='word_1_4' title='bbox 1104 2798 1392 2853; x_wconf 77' lang='lat' dir='ltr'><strong>dantibus:</strong></span> 
     </span>
    </p>
   </div>
   <div class='ocr_carea' id='block_1_2' title="bbox 608 400 2022 486">
    <p class='ocr_par' dir='ltr' id='par_1_2' title="bbox 608 400 2022 486">
     <span class='ocr_line' id='line_1_2' title="bbox 608 400 2022 486; baseline -0.002 -15"><span class='ocrx_word' id='word_1_5' title='bbox 608 400 742 471; x_wconf 82' lang='lat'><strong>160</strong></span> <span class='ocrx_word' id='word_1_6' title='bbox 1343 400 2022 486; x_wconf 81' lang='lat' dir='ltr'><strong>PSEUDo-LUS‚</strong></span> 
     </span>
    </p>
   </div>
   <div class='ocr_carea' id='block_1_3' title="bbox 583 522 2757 2575">
    <p class='ocr_par' dir='ltr' id='par_1_3' title="bbox 598 522 2752 703">
     <span class='ocr_line' id='line_1_3' title="bbox 598 522 2752 619; baseline -0.002 -21"><span class='ocrx_word' id='word_1_7' title='bbox 598 550 839 597; x_wconf 68' lang='lat' dir='ltr'><strong>Psnun.</strong></span> <span class='ocrx_word' id='word_1_8' title='bbox 874 526 1051 593; x_wconf 88' lang='lat' dir='ltr'><strong>Bene</strong></span> <span class='ocrx_word' id='word_1_9' title='bbox 1074 523 1266 615; x_wconf 84' lang='lat' dir='ltr'><strong>juvas</strong></span> <span class='ocrx_word' id='word_1_10' title='bbox 1300 548 1316 590; x_wconf 89' lang='lat'><strong>:</strong></span> <span class='ocrx_word' id='word_1_11' title='bbox 1360 522 1478 592; x_wconf 87' lang='lat' dir='ltr'><strong>sed</strong></span> <span class='ocrx_word' id='word_1_12' title='bbox 1509 524 1806 617; x_wconf 89' lang='lat' dir='ltr'><strong>quinque</strong></span> <span class='ocrx_word' id='word_1_13' title='bbox 1843 524 2128 593; x_wconf 87' lang='lat' dir='ltr'><strong>inventis</strong></span> <span class='ocrx_word' id='word_1_14' title='bbox 2155 546 2327 618; x_wconf 90' lang='lat' dir='ltr'><strong>opus</strong></span> <span class='ocrx_word' id='word_1_15' title='bbox 2357 534 2456 593; x_wconf 86' lang='lat' dir='ltr'><strong>est</strong></span> <span class='ocrx_word' id='word_1_16' title='bbox 2491 525 2752 619; x_wconf 80' lang='lat' dir='ltr'>argenti</span> 
     </span>
     <span class='ocr_line' id='line_1_4' title="bbox 900 658 1103 703; baseline -0.01 0"><span class='ocrx_word' id='word_1_17' title='bbox 900 658 1103 703; x_wconf 79' lang='lat' dir='ltr'><strong>minis</strong></span> 
     </span>
    </p>

    <p class='ocr_par' dir='ltr' id='par_1_4' title="bbox 599 740 1770 948">
     <span class='ocr_line' id='line_1_5' title="bbox 599 740 1770 837; baseline -0.003 -20"><span class='ocrx_word' id='word_1_18' title='bbox 599 744 889 829; x_wconf 78' lang='lat' dir='ltr'><strong>MutuiS,</strong></span> <span class='ocrx_word' id='word_1_19' title='bbox 952 766 1121 837; x_wconf 89' lang='lat' dir='ltr'><strong>quas</strong></span> <span class='ocrx_word' id='word_1_20' title='bbox 1180 740 1379 811; x_wconf 88' lang='lat' dir='ltr'><strong>hodie</strong></span> <span class='ocrx_word' id='word_1_21' title='bbox 1436 741 1712 813; x_wconf 78' lang='lat' dir='ltr'><strong>reddam</strong></span> <span class='ocrx_word' id='word_1_22' title='bbox 1753 771 1770 813; x_wconf 72' lang='grc' dir='ltr'><strong>ε</strong></span> 
     </span>
     <span class='ocr_line' id='line_1_6' title="bbox 893 868 1104 948; baseline -0.021 -24"><span class='ocrx_word' id='word_1_23' title='bbox 893 868 1104 948; x_wconf 87' lang='lat' dir='ltr'><strong>pater.</strong></span> 
     </span>
    </p>

    <p class='ocr_par' dir='ltr' id='par_1_5' title="bbox 600 961 2751 1167">
     <span class='ocr_line' id='line_1_7' title="bbox 600 961 2751 1059; baseline -0.003 -22"><span class='ocrx_word' id='word_1_24' title='bbox 600 989 812 1037; x_wconf 76' lang='lat' dir='ltr'><strong>cuAn.</strong></span> <span class='ocrx_word' id='word_1_25' title='bbox 850 966 996 1059; x_wconf 83' lang='lat' dir='ltr'><strong>Ego</strong></span> <span class='ocrx_word' id='word_1_26' title='bbox 1036 961 1243 1049; x_wconf 86' lang='lat' dir='ltr'><strong>dabo,</strong></span> <span class='ocrx_word' id='word_1_27' title='bbox 1280 987 1363 1030; x_wconf 84' lang='lat' dir='ltr'><strong>nc</strong></span> <span class='ocrx_word' id='word_1_28' title='bbox 1400 986 1628 1055; x_wconf 82' lang='lat' dir='ltr'><strong>quaere</strong></span> <span class='ocrx_word' id='word_1_29' title='bbox 1667 961 1960 1033; x_wconf 86' lang='lat' dir='ltr'><strong>aliunde.</strong></span> <span class='ocrx_word' id='word_1_30' title='bbox 2009 986 2258 1033; x_wconf 59' lang='lat' dir='ltr'><strong>psam).</strong></span> <span class='ocrx_word' id='word_1_31' title='bbox 2299 966 2364 1032; x_wconf 90' lang='grc' dir='ltr'>Ο</span> <span class='ocrx_word' id='word_1_32' title='bbox 2408 963 2751 1032; x_wconf 85' lang='lat' dir='ltr'><strong>hominem</strong></span> 
     </span>
     <span class='ocr_line' id='line_1_8' title="bbox 897 1071 1600 1167; baseline -0.001 -25"><span class='ocrx_word' id='word_1_33' title='bbox 897 1075 1353 1167; x_wconf 88' lang='lat' dir='ltr'><strong>obportunum</strong></span> <span class='ocrx_word' id='word_1_34' title='bbox 1396 1071 1600 1145; x_wconf 84' lang='lat' dir='ltr'><strong>mihi!</strong></span> 
     </span>
    </p>

    <p class='ocr_par' dir='ltr' id='par_1_6' title="bbox 599 1182 2750 1364">
     <span class='ocr_line' id='line_1_9' title="bbox 599 1182 2748 1279; baseline -0.003 -22"><span class='ocrx_word' id='word_1_35' title='bbox 599 1189 820 1257; x_wconf 87' lang='lat' dir='ltr'><strong>Etiam</strong></span> <span class='ocrx_word' id='word_1_36' title='bbox 877 1210 1015 1279; x_wconf 89' lang='lat' dir='ltr'><strong>opu</strong></span> <span class='ocrx_word' id='word_1_37' title='bbox 1016 1182 1096 1253; x_wconf 88' lang='lat' dir='ltr'><strong>’st</strong></span> <span class='ocrx_word' id='word_1_38' title='bbox 1134 1182 1487 1277; x_wconf 83' lang='lat' dir='ltr'><strong>chlamyde</strong></span> <span class='ocrx_word' id='word_1_39' title='bbox 1530 1197 1600 1251; x_wconf 87' lang='lat' dir='ltr'><strong>et</strong></span> <span class='ocrx_word' id='word_1_40' title='bbox 1653 1185 1980 1253; x_wconf 86' lang='lat' dir='ltr'><strong>machaera</strong></span> <span class='ocrx_word' id='word_1_41' title='bbox 2001 1238 2022 1273; x_wconf 92' lang='lat'><strong>,</strong></span> <span class='ocrx_word' id='word_1_42' title='bbox 2073 1198 2144 1253; x_wconf 85' lang='lat' dir='ltr'><strong>et</strong></span> <span class='ocrx_word' id='word_1_43' title='bbox 2199 1197 2447 1278; x_wconf 79' lang='lat' dir='ltr'><strong>petaso,</strong></span> <span class='ocrx_word' id='word_1_44' title='bbox 2519 1206 2748 1253; x_wconf 73' lang='lat' dir='ltr'><strong>cnut.</strong></span> 
     </span>
     <span class='ocr_line' id='line_1_10' title="bbox 887 1291 2750 1364; baseline -0.003 -1"><span class='ocrx_word' id='word_1_45' title='bbox 887 1298 1165 1364; x_wconf 88' lang='lat' dir='ltr'><strong>Possum</strong></span> <span class='ocrx_word' id='word_1_46' title='bbox 1200 1318 1239 1361; x_wconf 88' lang='lat' dir='ltr'><strong>a</strong></span> <span class='ocrx_word' id='word_1_47' title='bbox 1284 1318 1391 1362; x_wconf 93' lang='lat' dir='ltr'><strong>me</strong></span> <span class='ocrx_word' id='word_1_48' title='bbox 1434 1291 1615 1362; x_wconf 88' lang='lat' dir='ltr'><strong>dare.</strong></span> <span class='ocrx_word' id='word_1_49' title='bbox 2693 1316 2750 1361; x_wconf 68' lang='lat'><strong>⁴⁵</strong></span> 
     </span>
    </p>

    <p class='ocr_par' dir='ltr' id='par_1_7' title="bbox 600 1400 2751 1499">
     <span class='ocr_line' id='line_1_11' title="bbox 600 1400 2751 1499; baseline 0 -24"><span class='ocrx_word' id='word_1_50' title='bbox 600 1428 845 1475; x_wconf 71' lang='lat' dir='ltr'><strong>Psssun.</strong></span> <span class='ocrx_word' id='word_1_51' title='bbox 905 1404 997 1473; x_wconf 90' lang='lat' dir='ltr'><strong>Di</strong></span> <span class='ocrx_word' id='word_1_52' title='bbox 1050 1400 1499 1488; x_wconf 86' lang='lat' dir='ltr'><strong>inmortaleis,</strong></span> <span class='ocrx_word' id='word_1_53' title='bbox 1547 1428 1690 1471; x_wconf 86' lang='lat' dir='ltr'><strong>non</strong></span> <span class='ocrx_word' id='word_1_54' title='bbox 1735 1403 2074 1475; x_wconf 87' lang='lat' dir='ltr'><strong>Charinus</strong></span> <span class='ocrx_word' id='word_1_55' title='bbox 2117 1403 2282 1472; x_wconf 91' lang='lat' dir='ltr'><strong>mihi</strong></span> <span class='ocrx_word' id='word_1_56' title='bbox 2324 1402 2436 1472; x_wconf 90' lang='lat' dir='ltr'><strong>hic</strong></span> <span class='ocrx_word' id='word_1_57' title='bbox 2475 1404 2751 1499; x_wconf 86' lang='lat' dir='ltr'><strong>quidem</strong></span> 
     </span>
    </p>

    <p class='ocr_par' dir='ltr' id='par_1_8' title="bbox 583 1504 1454 1606">
     <span class='ocr_line' id='line_1_12' title="bbox 583 1504 1454 1606; baseline -0.001 -25"><span class='ocrx_word' id='word_1_58' title='bbox 583 1504 591 1517; x_wconf 79' lang='grc'>’</span> <span class='ocrx_word' id='word_1_59' title='bbox 894 1528 994 1581; x_wconf 88' lang='lat' dir='ltr'><strong>est</strong></span> <span class='ocrx_word' id='word_1_60' title='bbox 1018 1565 1037 1599; x_wconf 94' lang='lat'><strong>,</strong></span> <span class='ocrx_word' id='word_1_61' title='bbox 1074 1511 1188 1581; x_wconf 88' lang='lat' dir='ltr'><strong>sed</strong></span> <span class='ocrx_word' id='word_1_62' title='bbox 1225 1508 1454 1606; x_wconf 89' lang='lat' dir='ltr'><strong>copia!</strong></span> 
     </span>
    </p>

    <p class='ocr_par' dir='ltr' id='par_1_9' title="bbox 603 1610 2755 1723">
     <span class='ocr_line' id='line_1_13' title="bbox 603 1610 2755 1723; baseline 0 -24"><span class='ocrx_word' id='word_1_63' title='bbox 603 1629 735 1699; x_wconf 88' lang='lat' dir='ltr'><strong>Sed</strong></span> <span class='ocrx_word' id='word_1_64' title='bbox 772 1630 919 1697; x_wconf 89' lang='lat' dir='ltr'><strong>istic</strong></span> <span class='ocrx_word' id='word_1_65' title='bbox 962 1652 1189 1695; x_wconf 90' lang='lat' dir='ltr'><strong>servos</strong></span> <span class='ocrx_word' id='word_1_66' title='bbox 1208 1680 1227 1713; x_wconf 87' lang='lat'><strong>,</strong></span> <span class='ocrx_word' id='word_1_67' title='bbox 1261 1651 1342 1695; x_wconf 84' lang='lat' dir='ltr'><strong>ex</strong></span> <span class='ocrx_word' id='word_1_68' title='bbox 1370 1630 1652 1721; x_wconf 85' lang='lat' dir='ltr'><strong>Carysto</strong></span> <span class='ocrx_word' id='word_1_69' title='bbox 1683 1628 1818 1696; x_wconf 93' lang='lat' dir='ltr'><strong>huc</strong></span> <span class='ocrx_word' id='word_1_70' title='bbox 1854 1628 1971 1721; x_wconf 91' lang='lat' dir='ltr'><strong>qui</strong></span> <span class='ocrx_word' id='word_1_71' title='bbox 2002 1610 2308 1714; x_wconf 81' lang='lat' dir='ltr'><strong>advenit,</strong></span> <span class='ocrx_word' id='word_1_72' title='bbox 2338 1627 2502 1721; x_wconf 92' lang='lat' dir='ltr'><strong>quid</strong></span> <span class='ocrx_word' id='word_1_73' title='bbox 2529 1629 2701 1723; x_wconf 87' lang='lat' dir='ltr'><strong>sapit</strong></span> <span class='ocrx_word' id='word_1_74' title='bbox 2721 1629 2755 1699; x_wconf 75' lang='grc' dir='ltr'><strong>Ξ)</strong></span> 
     </span>
    </p>

    <p class='ocr_par' dir='ltr' id='par_1_10' title="bbox 598 1735 2753 1917">
     <span class='ocr_line' id='line_1_14' title="bbox 598 1735 2753 1809; baseline -0 1"><span class='ocrx_word' id='word_1_75' title='bbox 598 1763 809 1809; x_wconf 70' lang='lat' dir='ltr'><strong>cmm.</strong></span> <span class='ocrx_word' id='word_1_76' title='bbox 854 1738 1137 1805; x_wconf 88' lang='lat' dir='ltr'><strong>Hircum</strong></span> <span class='ocrx_word' id='word_1_77' title='bbox 1188 1736 1273 1804; x_wconf 88' lang='lat' dir='ltr'><strong>ab</strong></span> <span class='ocrx_word' id='word_1_78' title='bbox 1314 1735 1458 1805; x_wconf 77' lang='lat' dir='ltr'><strong>alis,</strong></span> <span class='ocrx_word' id='word_1_79' title='bbox 1499 1760 1745 1807; x_wconf 65' lang='lat' dir='ltr'><strong>psam).</strong></span> <span class='ocrx_word' id='word_1_80' title='bbox 1787 1736 2242 1807; x_wconf 75' lang='lat' dir='ltr'><strong>Manuleatam</strong></span> <span class='ocrx_word' id='word_1_81' title='bbox 2279 1738 2578 1807; x_wconf 84' lang='lat' dir='ltr'><strong>tunicam</strong></span> <span class='ocrx_word' id='word_1_82' title='bbox 2622 1739 2753 1809; x_wconf 88' lang='lat' dir='ltr'><strong>ha-</strong></span> 
     </span>
     <span class='ocr_line' id='line_1_15' title="bbox 891 1848 1687 1917; baseline 0.001 -1"><span class='ocrx_word' id='word_1_83' title='bbox 891 1849 1051 1916; x_wconf 87' lang='lat' dir='ltr'><strong>bere</strong></span> <span class='ocrx_word' id='word_1_84' title='bbox 1086 1848 1426 1915; x_wconf 90' lang='lat' dir='ltr'><strong>hominem</strong></span> <span class='ocrx_word' id='word_1_85' title='bbox 1476 1848 1687 1917; x_wconf 86' lang='lat' dir='ltr'><strong>decet.</strong></span> 
     </span>
    </p>

    <p class='ocr_par' dir='ltr' id='par_1_11' title="bbox 597 1956 2757 2136">
     <span class='ocr_line' id='line_1_16' title="bbox 597 1956 2757 2053; baseline -0 -25"><span class='ocrx_word' id='word_1_86' title='bbox 597 1957 858 2053; x_wconf 88' lang='lat' dir='ltr'><strong>Ecquid</strong></span> <span class='ocrx_word' id='word_1_87' title='bbox 891 1956 1141 2026; x_wconf 84' lang='lat' dir='ltr'><strong>habet</strong></span> <span class='ocrx_word' id='word_1_88' title='bbox 1126 1982 1181 2025; x_wconf 90' lang='lat' dir='ltr'><strong>1s</strong></span> <span class='ocrx_word' id='word_1_89' title='bbox 1217 1957 1421 2026; x_wconf 89' lang='lat' dir='ltr'><strong>homo</strong></span> <span class='ocrx_word' id='word_1_90' title='bbox 1458 1958 1629 2027; x_wconf 87' lang='lat' dir='ltr'><strong>aceti</strong></span> <span class='ocrx_word' id='word_1_91' title='bbox 1664 1958 1735 2026; x_wconf 91' lang='lat' dir='ltr'><strong>in</strong></span> <span class='ocrx_word' id='word_1_92' title='bbox 1772 1959 2092 2053; x_wconf 77' lang='lat' dir='ltr'><strong>pectore?</strong></span> <span class='ocrx_word' id='word_1_93' title='bbox 2123 1982 2335 2029; x_wconf 71' lang='lat' dir='ltr'><strong>clun.</strong></span> <span class='ocrx_word' id='word_1_94' title='bbox 2369 1963 2591 2053; x_wconf 84' lang='lat' dir='ltr'><strong>Atque</strong></span> <span class='ocrx_word' id='word_1_95' title='bbox 2623 1959 2757 2029; x_wconf 86' lang='lat' dir='ltr'><strong>aci·</strong></span> 
     </span>
     <span class='ocr_line' id='line_1_17' title="bbox 893 2066 1192 2136; baseline -0.004 -1"><span class='ocrx_word' id='word_1_96' title='bbox 893 2066 1192 2136; x_wconf 89' lang='lat' dir='ltr'><strong>dissumi.</strong></span> 
     </span>
    </p>

    <p class='ocr_par' dir='ltr' id='par_1_12' title="bbox 598 2177 2755 2382">
     <span class='ocr_line' id='line_1_18' title="bbox 598 2177 2751 2273; baseline 0 -25"><span class='ocrx_word' id='word_1_97' title='bbox 598 2199 845 2248; x_wconf 73' lang='lat' dir='ltr'><strong>Psmm.</strong></span> <span class='ocrx_word' id='word_1_98' title='bbox 887 2177 1108 2266; x_wconf 88' lang='lat' dir='ltr'><strong>Quid,</strong></span> <span class='ocrx_word' id='word_1_99' title='bbox 1154 2178 1209 2246; x_wconf 90' lang='lat' dir='ltr'><strong>si</strong></span> <span class='ocrx_word' id='word_1_100' title='bbox 1244 2202 1415 2273; x_wconf 91' lang='lat' dir='ltr'><strong>opus</strong></span> <span class='ocrx_word' id='word_1_101' title='bbox 1450 2180 1574 2264; x_wconf 89' lang='lat' dir='ltr'><strong>sit,</strong></span> <span class='ocrx_word' id='word_1_102' title='bbox 1611 2192 1690 2247; x_wconf 89' lang='lat' dir='ltr'><strong>ut</strong></span> <span class='ocrx_word' id='word_1_103' title='bbox 1725 2177 1920 2249; x_wconf 86' lang='lat' dir='ltr'><strong>dulce</strong></span> <span class='ocrx_word' id='word_1_104' title='bbox 1947 2194 2214 2273; x_wconf 87' lang='lat' dir='ltr'><strong>promat</strong></span> <span class='ocrx_word' id='word_1_105' title='bbox 2257 2178 2554 2249; x_wconf 86' lang='lat' dir='ltr'><strong>indidem</strong></span> <span class='ocrx_word' id='word_1_106' title='bbox 2579 2233 2599 2263; x_wconf 92' lang='lat'><strong>,</strong></span> <span class='ocrx_word' id='word_1_107' title='bbox 2641 2204 2751 2249; x_wconf 85' lang='lat' dir='ltr'><strong>ec-</strong></span> 
     </span>
     <span class='ocr_line' id='line_1_19' title="bbox 890 2285 2755 2382; baseline 0.004 -29"><span class='ocrx_word' id='word_1_108' title='bbox 890 2285 1052 2380; x_wconf 91' lang='lat' dir='ltr'><strong>quid</strong></span> <span class='ocrx_word' id='word_1_109' title='bbox 1096 2287 1347 2357; x_wconf 84' lang='lat' dir='ltr'><strong>habet?</strong></span> <span class='ocrx_word' id='word_1_110' title='bbox 1374 2311 1594 2359; x_wconf 72' lang='lat' dir='ltr'><strong>ann.</strong></span> <span class='ocrx_word' id='word_1_111' title='bbox 1635 2288 1906 2382; x_wconf 81' lang='lat' dir='ltr'>Rogas?</span> <span class='ocrx_word' id='word_1_112' title='bbox 2697 2300 2755 2340; x_wconf 79' lang='lat'><strong>⁵⁰</strong></span> 
     </span>
    </p>

    <p class='ocr_par' dir='ltr' id='par_1_13' title="bbox 600 2394 2752 2575">
     <span class='ocr_line' id='line_1_20' title="bbox 600 2394 2752 2490; baseline -0.001 -24"><span class='ocrx_word' id='word_1_113' title='bbox 600 2395 1066 2480; x_wconf 89' lang='lat' dir='ltr'><strong>Murrhinam,</strong></span> <span class='ocrx_word' id='word_1_114' title='bbox 1104 2421 1408 2490; x_wconf 87' lang='lat' dir='ltr'><strong>passum,</strong></span> <span class='ocrx_word' id='word_1_115' title='bbox 1460 2397 1802 2467; x_wconf 85' lang='lat' dir='ltr'><strong>defrutum</strong></span> <span class='ocrx_word' id='word_1_116' title='bbox 1829 2451 1848 2483; x_wconf 91' lang='lat'><strong>,</strong></span> <span class='ocrx_word' id='word_1_117' title='bbox 1895 2397 2245 2485; x_wconf 87' lang='lat' dir='ltr'><strong>melinam,</strong></span> <span class='ocrx_word' id='word_1_118' title='bbox 2285 2394 2420 2475; x_wconf 86' lang='lat' dir='ltr'><strong>mel</strong></span> <span class='ocrx_word' id='word_1_119' title='bbox 2475 2396 2752 2490; x_wconf 86' lang='lat' dir='ltr'><strong>quojus·</strong></span> 
     </span>
     <span class='ocr_line' id='line_1_21' title="bbox 890 2506 1096 2575; baseline 0.005 -2"><span class='ocrx_word' id='word_1_120' title='bbox 890 2506 1096 2575; x_wconf 87' lang='lat' dir='ltr'><strong>modi.</strong></span> 
     </span>
    </p>
   </div>
   <div class='ocr_carea' id='block_1_4' title="bbox 1837 742 2755 837">
    <p class='ocr_par' dir='ltr' id='par_1_14' title="bbox 1837 742 2755 837">
     <span class='ocr_line' id='line_1_22' title="bbox 1837 742 2755 837; baseline 0.001 -26"><span class='ocrx_word' id='word_1_121' title='bbox 1837 769 1996 813; x_wconf 87' lang='lat' dir='ltr'><strong>nam</strong></span> <span class='ocrx_word' id='word_1_122' title='bbox 2042 743 2248 837; x_wconf 85' lang='lat' dir='ltr'><strong>hujus</strong></span> <span class='ocrx_word' id='word_1_123' title='bbox 2309 742 2478 812; x_wconf 88' lang='lat' dir='ltr'><strong>mihi</strong></span> <span class='ocrx_word' id='word_1_124' title='bbox 2555 742 2755 813; x_wconf 84' lang='lat' dir='ltr'><strong>dehet</strong></span> 
     </span>
    </p>
   </div>
   <div class='ocr_carea' id='block_1_5' title="bbox 1719 2690 2755 2951">
    <p class='ocr_par' dir='ltr' id='par_1_15' title="bbox 1719 2690 2755 2951">
     <span class='ocr_line' id='line_1_23' title="bbox 1719 2690 2755 2793; baseline -0.002 -20"><span class='ocrx_word' id='word_1_125' title='bbox 1719 2720 2145 2792; x_wconf 77' lang='lat' dir='ltr'><strong>perfundebatur</strong></span> <span class='ocrx_word' id='word_1_126' title='bbox 2167 2690 2524 2793; x_wconf 75' lang='lat' dir='ltr'><strong>unguentum,</strong></span> <span class='ocrx_word' id='word_1_127' title='bbox 2549 2720 2631 2772; x_wconf 74' lang='grc' dir='ltr'><strong>τὸν</strong></span> <span class='ocrx_word' id='word_1_128' title='bbox 2661 2722 2755 2790; x_wconf 75' lang='grc' dir='ltr'><strong>μῦ-</strong></span> 
     </span>
     <span class='ocr_line' id='line_1_24' title="bbox 1720 2800 2752 2876; baseline -0.002 -23"><span class='ocrx_word' id='word_1_129' title='bbox 1720 2821 1785 2873; x_wconf 78' lang='grc' dir='ltr'><strong>ρῳ</strong></span> <span class='ocrx_word' id='word_1_130' title='bbox 1811 2804 2127 2876; x_wconf 54' lang='grc' dir='ltr'><strong>ῃεκραμένῡν.</strong></span> <span class='ocrx_word' id='word_1_131' title='bbox 2148 2800 2301 2853; x_wconf 84' lang='lat' dir='ltr'><strong>Idem</strong></span> <span class='ocrx_word' id='word_1_132' title='bbox 2331 2813 2386 2855; x_wconf 86' lang='lat' dir='ltr'><strong>et</strong></span> <span class='ocrx_word' id='word_1_133' title='bbox 2413 2802 2649 2871; x_wconf 73' lang='grc' dir='ltr'><strong>μυρίτης,</strong></span> <span class='ocrx_word' id='word_1_134' title='bbox 2681 2812 2752 2852; x_wconf 82' lang='lat' dir='ltr'><strong>ut</strong></span> 
     </span>
     <span class='ocr_line' id='line_1_25' title="bbox 1719 2880 2752 2951; baseline 0.002 -18"><span class='ocrx_word' id='word_1_135' title='bbox 1719 2893 1899 2935; x_wconf 85' lang='lat' dir='ltr'><strong>autem</strong></span> <span class='ocrx_word' id='word_1_136' title='bbox 1939 2900 1970 2934; x_wconf 89' lang='lat' dir='ltr'><strong>a</strong></span> <span class='ocrx_word' id='word_1_137' title='bbox 2005 2898 2138 2935; x_wconf 74' lang='lat' dir='ltr'><strong>voce</strong></span> <span class='ocrx_word' id='word_1_138' title='bbox 2162 2882 2345 2951; x_wconf 76' lang='grc' dir='ltr'>φύλλων</span> <span class='ocrx_word' id='word_1_139' title='bbox 2367 2918 2384 2945; x_wconf 85' lang='grc'><em>,</em></span> <span class='ocrx_word' id='word_1_140' title='bbox 2415 2883 2438 2933; x_wconf 81' lang='grc' dir='ltr'>ὁ</span> <span class='ocrx_word' id='word_1_141' title='bbox 2469 2880 2704 2951; x_wconf 62' lang='lat' dir='ltr'><strong>pun-rivae</strong></span> <span class='ocrx_word' id='word_1_142' title='bbox 2729 2911 2752 2938; x_wconf 65' lang='lat'>2</span> 
     </span>
    </p>
   </div>
   <div class='ocr_carea' id='block_1_6' title="bbox 600 2720 1622 2951">
    <p class='ocr_par' dir='ltr' id='par_1_16' title="bbox 600 2720 1622 2951">
     <span class='ocr_line' id='line_1_26' title="bbox 682 2720 1622 2790; baseline -0.002 -16"><span class='ocrx_word' id='word_1_143' title='bbox 682 2722 775 2783; x_wconf 75' lang='lat'><strong>43.</strong></span> <span class='ocrx_word' id='word_1_144' title='bbox 804 2720 936 2774; x_wconf 86' lang='lat' dir='ltr'><strong>Nam</strong></span> <span class='ocrx_word' id='word_1_145' title='bbox 961 2722 1100 2790; x_wconf 71' lang='lat' dir='ltr'><strong>hujus</strong></span> <span class='ocrx_word' id='word_1_146' title='bbox 1126 2722 1266 2781; x_wconf 76' lang='lat' dir='ltr'><strong>mihi,</strong></span> <span class='ocrx_word' id='word_1_147' title='bbox 1290 2731 1396 2772; x_wconf 81' lang='lat' dir='ltr'><strong>etc.</strong></span> <span class='ocrx_word' id='word_1_148' title='bbox 1420 2721 1622 2790; x_wconf 83' lang='lat' dir='ltr'><strong>Vulgo,</strong></span> 
     </span>
     <span class='ocr_line' id='line_1_27' title="bbox 600 2819 1621 2951; baseline 0 -19"><span class='ocrx_word' id='word_1_149' title='bbox 600 2898 764 2932; x_wconf 81' lang='lat' dir='ltr'><strong>unam</strong></span> <span class='ocrx_word' id='word_1_150' title='bbox 812 2880 977 2951; x_wconf 82' lang='lat' dir='ltr'><strong>hujus</strong></span> <span class='ocrx_word' id='word_1_151' title='bbox 1016 2880 1148 2932; x_wconf 86' lang='lat' dir='ltr'><strong>mihi</strong></span> <span class='ocrx_word' id='word_1_152' title='bbox 1190 2878 1349 2932; x_wconf 84' lang='lat' dir='ltr'><strong>debet</strong></span> <span class='ocrx_word' id='word_1_153' title='bbox 1397 2819 1621 2949; x_wconf 49' lang='lat' dir='ltr'><strong>pdtelrazn</strong></span> 
     </span>
    </p>
   </div>
   <div class='ocr_carea' id='block_1_7' title="bbox 591 2958 1632 4223">
    <p class='ocr_par' dir='ltr' id='par_1_17' title="bbox 602 2958 1628 3182">
     <span class='ocr_line' id='line_1_28' title="bbox 602 2958 1628 3031; baseline -0.001 -19"><span class='ocrx_word' id='word_1_154' title='bbox 602 2958 797 3012; x_wconf 84' lang='lat' dir='ltr'><strong>Editor</strong></span> <span class='ocrx_word' id='word_1_155' title='bbox 825 2959 1149 3031; x_wconf 84' lang='lat' dir='ltr'><strong>Bipontinus</strong></span> <span class='ocrx_word' id='word_1_156' title='bbox 1193 2972 1247 3012; x_wconf 84' lang='lat' dir='ltr'><strong>et</strong></span> <span class='ocrx_word' id='word_1_157' title='bbox 1279 2960 1505 3013; x_wconf 80' lang='lat' dir='ltr'><strong>Bothius</strong></span> <span class='ocrx_word' id='word_1_158' title='bbox 1533 2958 1628 3012; x_wconf 85' lang='lat' dir='ltr'><strong>de-</strong></span> 
     </span>
     <span class='ocr_line' id='line_1_29' title="bbox 604 3037 1628 3108; baseline -0.002 -16"><span class='ocrx_word' id='word_1_159' title='bbox 604 3041 719 3092; x_wconf 87' lang='lat' dir='ltr'><strong>lent</strong></span> <span class='ocrx_word' id='word_1_160' title='bbox 752 3057 895 3089; x_wconf 85' lang='lat' dir='ltr'><strong>unam</strong></span> <span class='ocrx_word' id='word_1_161' title='bbox 913 3079 930 3101; x_wconf 90' lang='lat'><strong>,</strong></span> <span class='ocrx_word' id='word_1_162' title='bbox 961 3037 1111 3108; x_wconf 86' lang='lat' dir='ltr'><strong>quod</strong></span> <span class='ocrx_word' id='word_1_163' title='bbox 1141 3038 1391 3092; x_wconf 83' lang='lat' dir='ltr'><strong>videlicet</strong></span> <span class='ocrx_word' id='word_1_164' title='bbox 1420 3058 1484 3093; x_wconf 88' lang='lat' dir='ltr'><strong>ex</strong></span> <span class='ocrx_word' id='word_1_165' title='bbox 1514 3058 1628 3091; x_wconf 81' lang='lat' dir='ltr'><strong>nam</strong></span> 
     </span>
     <span class='ocr_line' id='line_1_30' title="bbox 605 3118 1626 3182; baseline -0.002 -9"><span class='ocrx_word' id='word_1_166' title='bbox 605 3134 785 3173; x_wconf 88' lang='lat' dir='ltr'><strong>ortum</strong></span> <span class='ocrx_word' id='word_1_167' title='bbox 798 3156 813 3182; x_wconf 93' lang='lat'><strong>,</strong></span> <span class='ocrx_word' id='word_1_168' title='bbox 833 3118 1148 3171; x_wconf 76' lang='lat' dir='ltr'><strong>sententiam</strong></span> <span class='ocrx_word' id='word_1_169' title='bbox 1169 3118 1294 3173; x_wconf 85' lang='lat' dir='ltr'><strong>facit</strong></span> <span class='ocrx_word' id='word_1_170' title='bbox 1312 3119 1533 3173; x_wconf 80' lang='lat' dir='ltr'><strong>nullam.</strong></span> <span class='ocrx_word' id='word_1_171' title='bbox 1553 3118 1626 3171; x_wconf 87' lang='lat' dir='ltr'><strong>N.</strong></span> 
     </span>
    </p>

    <p class='ocr_par' dir='ltr' id='par_1_18' title="bbox 602 3196 1631 3502">
     <span class='ocr_line' id='line_1_31' title="bbox 691 3196 1631 3267; baseline 0.001 -16"><span class='ocrx_word' id='word_1_172' title='bbox 691 3204 721 3261; x_wconf 68' lang='grc'>4</span> <span class='ocrx_word' id='word_1_173' title='bbox 730 3214 785 3267; x_wconf 84' lang='grc'><strong>7.</strong></span> <span class='ocrx_word' id='word_1_174' title='bbox 810 3197 949 3267; x_wconf 81' lang='lat' dir='ltr'><strong>Quid</strong></span> <span class='ocrx_word' id='word_1_175' title='bbox 969 3202 1116 3267; x_wconf 78' lang='lat' dir='ltr'><strong>sapie.</strong></span> <span class='ocrx_word' id='word_1_176' title='bbox 1142 3196 1296 3251; x_wconf 86' lang='lat' dir='ltr'><strong>Idem</strong></span> <span class='ocrx_word' id='word_1_177' title='bbox 1321 3200 1549 3251; x_wconf 83' lang='lat' dir='ltr'><strong>verbum</strong></span> <span class='ocrx_word' id='word_1_178' title='bbox 1577 3212 1631 3253; x_wconf 88' lang='lat' dir='ltr'><strong>et</strong></span> 
     </span>
     <span class='ocr_line' id='line_1_32' title="bbox 602 3278 1632 3347; baseline 0.003 -19"><span class='ocrx_word' id='word_1_179' title='bbox 602 3289 783 3335; x_wconf 84' lang='lat' dir='ltr'><strong>mente</strong></span> <span class='ocrx_word' id='word_1_180' title='bbox 804 3294 991 3347; x_wconf 73' lang='lat' dir='ltr'><strong>sapere</strong></span> <span class='ocrx_word' id='word_1_181' title='bbox 1014 3290 1067 3329; x_wconf 87' lang='lat' dir='ltr'><strong>et</strong></span> <span class='ocrx_word' id='word_1_182' title='bbox 1083 3278 1280 3331; x_wconf 82' lang='lat' dir='ltr'><strong>habere</strong></span> <span class='ocrx_word' id='word_1_183' title='bbox 1303 3297 1548 3347; x_wconf 79' lang='lat' dir='ltr'><strong>saporem</strong></span> <span class='ocrx_word' id='word_1_184' title='bbox 1567 3278 1632 3331; x_wconf 79' lang='lat' dir='ltr'><strong>si-</strong></span> 
     </span>
     <span class='ocr_line' id='line_1_33' title="bbox 604 3356 1625 3428; baseline 0.001 -18"><span class='ocrx_word' id='word_1_185' title='bbox 604 3357 836 3428; x_wconf 82' lang='lat' dir='ltr'><strong>gnificat.</strong></span> <span class='ocrx_word' id='word_1_186' title='bbox 874 3356 1015 3425; x_wconf 79' lang='lat' dir='ltr'><strong>Quid</strong></span> <span class='ocrx_word' id='word_1_187' title='bbox 1052 3358 1091 3410; x_wconf 89' lang='lat' dir='ltr'><strong>i.</strong></span> <span class='ocrx_word' id='word_1_188' title='bbox 1131 3376 1184 3428; x_wconf 84' lang='lat' dir='ltr'><strong>q.</strong></span> <span class='ocrx_word' id='word_1_189' title='bbox 1222 3378 1305 3410; x_wconf 81' lang='lat' dir='ltr'><strong>an.</strong></span> <span class='ocrx_word' id='word_1_190' title='bbox 1331 3358 1458 3411; x_wconf 87' lang='lat' dir='ltr'><strong>vid.</strong></span> <span class='ocrx_word' id='word_1_191' title='bbox 1494 3361 1625 3413; x_wconf 83' lang='lat' dir='ltr'><strong>Cist.</strong></span> 
     </span>
     <span class='ocr_line' id='line_1_34' title="bbox 603 3437 1021 3502; baseline 0 -13"><span class='ocrx_word' id='word_1_192' title='bbox 603 3439 706 3502; x_wconf 91' lang='lat' dir='ltr'><strong>IV,</strong></span> <span class='ocrx_word' id='word_1_193' title='bbox 740 3455 797 3502; x_wconf 77' lang='lat' dir='ltr'><strong>a,</strong></span> <span class='ocrx_word' id='word_1_194' title='bbox 833 3455 854 3489; x_wconf 90' lang='lat'>1</span> <span class='ocrx_word' id='word_1_195' title='bbox 870 3439 920 3489; x_wconf 91' lang='lat'><strong>6.</strong></span> <span class='ocrx_word' id='word_1_196' title='bbox 952 3437 1021 3489; x_wconf 88' lang='lat' dir='ltr'><strong>N.</strong></span> 
     </span>
    </p>

    <p class='ocr_par' dir='ltr' id='par_1_19' title="bbox 688 3516 1505 3584">
     <span class='ocr_line' id='line_1_35' title="bbox 688 3516 1505 3584; baseline 0.002 -16"><span class='ocrx_word' id='word_1_197' title='bbox 688 3524 777 3584; x_wconf 75' lang='lat'><strong>49.</strong></span> <span class='ocrx_word' id='word_1_198' title='bbox 798 3516 963 3569; x_wconf 78' lang='lat' dir='ltr'><strong>Aceti.</strong></span> <span class='ocrx_word' id='word_1_199' title='bbox 994 3516 1184 3571; x_wconf 80' lang='lat' dir='ltr'><strong>Bacch.</strong></span> <span class='ocrx_word' id='word_1_200' title='bbox 1214 3518 1326 3581; x_wconf 90' lang='grc' dir='ltr'><strong>ΙΙΙ,</strong></span> <span class='ocrx_word' id='word_1_201' title='bbox 1361 3518 1423 3581; x_wconf 87' lang='grc'><strong>3,</strong></span> <span class='ocrx_word' id='word_1_202' title='bbox 1456 3536 1505 3570; x_wconf 89' lang='lat'><strong>1.</strong></span> 
     </span>
    </p>

    <p class='ocr_par' dir='ltr' id='par_1_20' title="bbox 591 3594 1628 4223">
     <span class='ocr_line' id='line_1_36' title="bbox 687 3594 1623 3669; baseline 0 -20"><span class='ocrx_word' id='word_1_203' title='bbox 687 3594 717 3649; x_wconf 84' lang='grc'>5</span> <span class='ocrx_word' id='word_1_204' title='bbox 732 3614 755 3649; x_wconf 88' lang='lat'>1</span> <span class='ocrx_word' id='word_1_205' title='bbox 767 3634 780 3648; x_wconf 88' lang='lat'><strong>.</strong></span> <span class='ocrx_word' id='word_1_206' title='bbox 802 3595 1077 3649; x_wconf 77' lang='lat' dir='ltr'><strong>Mun-hina.</strong></span> <span class='ocrx_word' id='word_1_207' title='bbox 1101 3597 1365 3649; x_wconf 86' lang='lat' dir='ltr'><strong>Veterum</strong></span> <span class='ocrx_word' id='word_1_208' title='bbox 1384 3614 1574 3669; x_wconf 81' lang='lat' dir='ltr'><strong>magna</strong></span> <span class='ocrx_word' id='word_1_209' title='bbox 1594 3616 1623 3649; x_wconf 82' lang='lat' dir='ltr'><strong>a</strong></span> 
     </span>
     <span class='ocr_line' id='line_1_37' title="bbox 602 3674 1624 3747; baseline 0.004 -22"><span class='ocrx_word' id='word_1_210' title='bbox 602 3674 823 3727; x_wconf 79' lang='lat' dir='ltr'><strong>veritate</strong></span> <span class='ocrx_word' id='word_1_211' title='bbox 844 3675 1110 3730; x_wconf 79' lang='lat' dir='ltr'><strong>aberratio</strong></span> <span class='ocrx_word' id='word_1_212' title='bbox 1136 3687 1232 3739; x_wconf 78' lang='lat' dir='ltr'><strong>est,</strong></span> <span class='ocrx_word' id='word_1_213' title='bbox 1253 3694 1423 3747; x_wconf 87' lang='lat' dir='ltr'><strong>quum</strong></span> <span class='ocrx_word' id='word_1_214' title='bbox 1448 3695 1565 3729; x_wconf 85' lang='lat' dir='ltr'><strong>eam</strong></span> <span class='ocrx_word' id='word_1_215' title='bbox 1593 3696 1624 3729; x_wconf 84' lang='lat' dir='ltr'><strong>a</strong></span> 
     </span>
     <span class='ocr_line' id='line_1_38' title="bbox 600 3753 1628 3825; baseline 0.004 -20"><span class='ocrx_word' id='word_1_216' title='bbox 600 3754 795 3805; x_wconf 77' lang='lat' dir='ltr'><strong>murt-ha</strong></span> <span class='ocrx_word' id='word_1_217' title='bbox 826 3754 1027 3809; x_wconf 82' lang='lat' dir='ltr'><strong>dictam</strong></span> <span class='ocrx_word' id='word_1_218' title='bbox 1071 3753 1465 3825; x_wconf 73' lang='lat' dir='ltr'><strong>deductumque</strong></span> <span class='ocrx_word' id='word_1_219' title='bbox 1506 3774 1628 3809; x_wconf 86' lang='lat' dir='ltr'><strong>cen-</strong></span> 
     </span>
     <span class='ocr_line' id='line_1_39' title="bbox 601 3832 1626 3907; baseline 0.002 -22"><span class='ocrx_word' id='word_1_220' title='bbox 601 3844 739 3886; x_wconf 82' lang='lat' dir='ltr'><strong>sent.</strong></span> <span class='ocrx_word' id='word_1_221' title='bbox 778 3832 1027 3888; x_wconf 76' lang='lat' dir='ltr'><strong>Graecum</strong></span> <span class='ocrx_word' id='word_1_222' title='bbox 1055 3847 1133 3887; x_wconf 80' lang='lat' dir='ltr'><strong>est</strong></span> <span class='ocrx_word' id='word_1_223' title='bbox 1162 3838 1186 3887; x_wconf 80' lang='grc' dir='ltr'><strong>ὁ</strong></span> <span class='ocrx_word' id='word_1_224' title='bbox 1214 3836 1465 3907; x_wconf 74' lang='grc' dir='ltr'><strong>μυρῥίνης,</strong></span> <span class='ocrx_word' id='word_1_225' title='bbox 1484 3834 1626 3887; x_wconf 79' lang='lat' dir='ltr'><strong>‘inde</strong></span> 
     </span>
     <span class='ocr_line' id='line_1_40' title="bbox 599 3912 1625 3985; baseline 0.007 -22"><span class='ocrx_word' id='word_1_226' title='bbox 599 3912 826 3965; x_wconf 86' lang='lat' dir='ltr'><strong>latinum</strong></span> <span class='ocrx_word' id='word_1_227' title='bbox 843 3913 956 3967; x_wconf 79' lang='lat' dir='ltr'><strong>haec</strong></span> <span class='ocrx_word' id='word_1_228' title='bbox 980 3914 1254 3977; x_wconf 73' lang='lat' dir='ltr'><strong>murt-hirta,</strong></span> <span class='ocrx_word' id='word_1_229' title='bbox 1279 3918 1381 3968; x_wconf 61' lang='lat' dir='ltr'><strong>ut&amp;</strong></span> <span class='ocrx_word' id='word_1_230' title='bbox 1406 3914 1625 3985; x_wconf 74' lang='grc' dir='ltr'>χάρτης,</span> 
     </span>
     <span class='ocr_line' id='line_1_41' title="bbox 591 3992 1624 4064; baseline 0.004 -21"><span class='ocrx_word' id='word_1_231' title='bbox 591 3992 712 4045; x_wconf 74' lang='lat' dir='ltr'><strong>haec</strong></span> <span class='ocrx_word' id='word_1_232' title='bbox 740 3992 910 4042; x_wconf 79' lang='lat' dir='ltr'><strong>charta</strong></span> <span class='ocrx_word' id='word_1_233' title='bbox 936 4011 954 4041; x_wconf 90' lang='grc'><strong>.·</strong></span> <span class='ocrx_word' id='word_1_234' title='bbox 978 3997 1002 4045; x_wconf 82' lang='grc' dir='ltr'>ὁ</span> <span class='ocrx_word' id='word_1_235' title='bbox 1026 3995 1291 4063; x_wconf 74' lang='grc' dir='ltr'>γαυσάπης</span> <span class='ocrx_word' id='word_1_236' title='bbox 1309 4032 1325 4058; x_wconf 89' lang='grc'><strong><em>,</em></strong></span> <span class='ocrx_word' id='word_1_237' title='bbox 1357 3994 1473 4046; x_wconf 78' lang='lat' dir='ltr'><strong>haec</strong></span> <span class='ocrx_word' id='word_1_238' title='bbox 1500 4014 1624 4064; x_wconf 77' lang='lat' dir='ltr'><strong>gau·</strong></span> 
     </span>
     <span class='ocr_line' id='line_1_42' title="bbox 598 4067 1624 4140; baseline 0.005 -19"><span class='ocrx_word' id='word_1_239' title='bbox 598 4090 736 4139; x_wconf 85' lang='lat' dir='ltr'><em>sapa.</em></span> <span class='ocrx_word' id='word_1_240' title='bbox 767 4072 983 4140; x_wconf 77' lang='grc' dir='ltr'><strong>Μυρίνην</strong></span> <span class='ocrx_word' id='word_1_241' title='bbox 1018 4067 1140 4128; x_wconf 61' lang='lat' dir='ltr'><strong>otum</strong></span> <span class='ocrx_word' id='word_1_242' title='bbox 1170 4072 1415 4126; x_wconf 82' lang='lat' dir='ltr'><strong>dicebant</strong></span> <span class='ocrx_word' id='word_1_243' title='bbox 1448 4073 1624 4128; x_wconf 78' lang='lat' dir='ltr'><strong>Graeci</strong></span> 
     </span>
     <span class='ocr_line' id='line_1_43' title="bbox 596 4154 1620 4223; baseline 0.004 -20"><span class='ocrx_word' id='word_1_244' title='bbox 596 4163 954 4223; x_wconf 84' lang='lat' dir='ltr'><strong>temperatum</strong></span> <span class='ocrx_word' id='word_1_245' title='bbox 986 4164 1279 4223; x_wconf 85' lang='lat' dir='ltr'><strong>unguento,</strong></span> <span class='ocrx_word' id='word_1_246' title='bbox 1306 4154 1390 4210; x_wconf 83' lang='lat' dir='ltr'><strong>vel</strong></span> <span class='ocrx_word' id='word_1_247' title='bbox 1418 4155 1505 4207; x_wconf 87' lang='lat' dir='ltr'><strong>cui</strong></span> <span class='ocrx_word' id='word_1_248' title='bbox 1533 4174 1620 4208; x_wconf 86' lang='lat' dir='ltr'><strong>su-</strong></span> 
     </span>
    </p>
   </div>
   <div class='ocr_carea' id='block_1_8' title="bbox 1719 2955 2753 4223">
    <p class='ocr_par' dir='ltr' id='par_1_21' title="bbox 1723 2955 2753 3431">
     <span class='ocr_line' id='line_1_44' title="bbox 1723 2955 2753 3032; baseline -0.001 -19"><span class='ocrx_word' id='word_1_249' title='bbox 1723 2961 1799 3013; x_wconf 82' lang='lat' dir='ltr'><strong>sic</strong></span> <span class='ocrx_word' id='word_1_250' title='bbox 1823 2980 1852 3015; x_wconf 86' lang='lat' dir='ltr'><strong>a</strong></span> <span class='ocrx_word' id='word_1_251' title='bbox 1884 2962 2053 3032; x_wconf 77' lang='grc' dir='ltr'><strong>μύρον,</strong></span> <span class='ocrx_word' id='word_1_252' title='bbox 2079 2964 2102 3014; x_wconf 80' lang='grc' dir='ltr'>ὁ</span> <span class='ocrx_word' id='word_1_253' title='bbox 2133 2962 2328 3032; x_wconf 78' lang='grc' dir='ltr'><strong>μυρίνης</strong></span> <span class='ocrx_word' id='word_1_254' title='bbox 2357 2955 2499 3020; x_wconf 77' lang='grc' dir='ltr'><strong>οἶνος·</strong></span> <span class='ocrx_word' id='word_1_255' title='bbox 2531 2960 2662 3030; x_wconf 86' lang='lat' dir='ltr'><strong>quin</strong></span> <span class='ocrx_word' id='word_1_256' title='bbox 2691 2970 2753 3013; x_wconf 80' lang='lat' dir='ltr'><strong>et</strong></span> 
     </span>
     <span class='ocr_line' id='line_1_45' title="bbox 1724 3038 2752 3112; baseline -0.004 -18"><span class='ocrx_word' id='word_1_257' title='bbox 1724 3042 1948 3112; x_wconf 69' lang='grc' dir='ltr'><strong>μυρῥίνης</strong></span> <span class='ocrx_word' id='word_1_258' title='bbox 1997 3042 2333 3106; x_wconf 77' lang='lat' dir='ltr'><strong>scribebant3</strong></span> <span class='ocrx_word' id='word_1_259' title='bbox 2381 3038 2752 3110; x_wconf 78' lang='lat' dir='ltr'><strong>geminatione</strong></span> 
     </span>
     <span class='ocr_line' id='line_1_46' title="bbox 1723 3118 2750 3175; baseline -0.002 -2"><span class='ocrx_word' id='word_1_260' title='bbox 1723 3121 1931 3174; x_wconf 75' lang='lat' dir='ltr'><strong>solenni</strong></span> <span class='ocrx_word' id='word_1_261' title='bbox 1959 3122 2164 3173; x_wconf 65' lang='lat' dir='ltr'><strong>caninae</strong></span> <span class='ocrx_word' id='word_1_262' title='bbox 2185 3121 2381 3175; x_wconf 76' lang='lat' dir='ltr'><strong>literae.</strong></span> <span class='ocrx_word' id='word_1_263' title='bbox 2403 3118 2637 3171; x_wconf 62' lang='lat' dir='ltr'><strong>Saxas.</strong></span> <span class='ocrx_word' id='word_1_264' title='bbox 2663 3148 2750 3160; x_wconf 90' lang='lat'>—</span> 
     </span>
     <span class='ocr_line' id='line_1_47' title="bbox 1726 3197 2753 3254; baseline -0.001 -3"><span class='ocrx_word' id='word_1_265' title='bbox 1726 3199 1866 3253; x_wconf 86' lang='lat' dir='ltr'><strong>MSS</strong></span> <span class='ocrx_word' id='word_1_266' title='bbox 1912 3200 2074 3253; x_wconf 80' lang='lat' dir='ltr'><strong>Acad.</strong></span> <span class='ocrx_word' id='word_1_267' title='bbox 2112 3219 2236 3254; x_wconf 88' lang='lat' dir='ltr'><strong>cum</strong></span> <span class='ocrx_word' id='word_1_268' title='bbox 2268 3199 2482 3252; x_wconf 81' lang='lat' dir='ltr'><strong>duobus</strong></span> <span class='ocrx_word' id='word_1_269' title='bbox 2519 3197 2650 3250; x_wconf 79' lang='lat' dir='ltr'><strong>Pau.</strong></span> <span class='ocrx_word' id='word_1_270' title='bbox 2683 3208 2753 3250; x_wconf 85' lang='lat' dir='ltr'><strong>ut</strong></span> 
     </span>
     <span class='ocr_line' id='line_1_48' title="bbox 1726 3276 2749 3339; baseline -0.003 -7"><span class='ocrx_word' id='word_1_271' title='bbox 1726 3278 1921 3333; x_wconf 82' lang='lat' dir='ltr'><strong>editur.</strong></span> <span class='ocrx_word' id='word_1_272' title='bbox 1949 3281 2134 3333; x_wconf 71' lang='lat' dir='ltr'><strong>Gnolt.</strong></span> <span class='ocrx_word' id='word_1_273' title='bbox 2166 3310 2246 3323; x_wconf 90' lang='lat'><em>-</em></span> <span class='ocrx_word' id='word_1_274' title='bbox 2274 3280 2508 3339; x_wconf 74' lang='lat' dir='ltr'><strong>Passum,</strong></span> <span class='ocrx_word' id='word_1_275' title='bbox 2557 3276 2749 3331; x_wconf 84' lang='lat' dir='ltr'><strong>vinum</strong></span> 
     </span>
     <span class='ocr_line' id='line_1_49' title="bbox 1724 3358 2748 3431; baseline -0.004 -19"><span class='ocrx_word' id='word_1_276' title='bbox 1724 3377 1790 3412; x_wconf 83' lang='lat' dir='ltr'><strong>ex</strong></span> <span class='ocrx_word' id='word_1_277' title='bbox 1812 3360 1929 3412; x_wconf 83' lang='lat' dir='ltr'><strong>uvis</strong></span> <span class='ocrx_word' id='word_1_278' title='bbox 1949 3360 2116 3431; x_wconf 79' lang='lat' dir='ltr'><strong>passis</strong></span> <span class='ocrx_word' id='word_1_279' title='bbox 2153 3371 2207 3412; x_wconf 87' lang='lat' dir='ltr'><strong>et</strong></span> <span class='ocrx_word' id='word_1_280' title='bbox 2231 3358 2343 3412; x_wconf 75' lang='lat' dir='ltr'><strong>sole</strong></span> <span class='ocrx_word' id='word_1_281' title='bbox 2375 3358 2582 3411; x_wconf 76' lang='lat' dir='ltr'><strong>siccatis</strong></span> <span class='ocrx_word' id='word_1_282' title='bbox 2609 3375 2748 3409; x_wconf 81' lang='lat' dir='ltr'><strong>con-</strong></span> 
     </span>
    </p>

    <p class='ocr_par' dir='ltr' id='par_1_22' title="bbox 1722 3436 2748 3508">
     <span class='ocr_line' id='line_1_50' title="bbox 1722 3436 2748 3508; baseline -0.004 -17"><span class='ocrx_word' id='word_1_283' title='bbox 1722 3439 1945 3492; x_wconf 79' lang='lat' dir='ltr'><strong>fectum.</strong></span> <span class='ocrx_word' id='word_1_284' title='bbox 2001 3440 2176 3492; x_wconf 76' lang='lat' dir='ltr'><strong>«Uva</strong></span> <span class='ocrx_word' id='word_1_285' title='bbox 2225 3456 2377 3508; x_wconf 81' lang='lat' dir='ltr'><strong>passa</strong></span> <span class='ocrx_word' id='word_1_286' title='bbox 2418 3450 2498 3490; x_wconf 75' lang='lat' dir='ltr'><strong>est</strong></span> <span class='ocrx_word' id='word_1_287' title='bbox 2533 3436 2748 3488; x_wconf 82' lang='lat' dir='ltr'><strong>siccata.</strong></span> 
     </span>
    </p>

    <p class='ocr_par' dir='ltr' id='par_1_23' title="bbox 1721 3516 2752 3669">
     <span class='ocr_line' id='line_1_51' title="bbox 1721 3516 2752 3591; baseline -0.001 -21"><span class='ocrx_word' id='word_1_288' title='bbox 1721 3518 1940 3571; x_wconf 75' lang='lat' dir='ltr'><strong>Passum</strong></span> <span class='ocrx_word' id='word_1_289' title='bbox 1969 3533 2074 3586; x_wconf 85' lang='lat' dir='ltr'><strong>est,</strong></span> <span class='ocrx_word' id='word_1_290' title='bbox 2097 3516 2366 3591; x_wconf 84' lang='lat' dir='ltr'><strong>quidquid</strong></span> <span class='ocrx_word' id='word_1_291' title='bbox 2386 3536 2448 3569; x_wconf 85' lang='lat' dir='ltr'><strong>ex</strong></span> <span class='ocrx_word' id='word_1_292' title='bbox 2472 3534 2574 3569; x_wconf 82' lang='lat' dir='ltr'><strong>uva</strong></span> <span class='ocrx_word' id='word_1_293' title='bbox 2595 3533 2752 3585; x_wconf 71' lang='lat' dir='ltr'><strong>passa</strong></span> 
     </span>
     <span class='ocr_line' id='line_1_52' title="bbox 1721 3595 2750 3669; baseline -0.004 -18"><span class='ocrx_word' id='word_1_294' title='bbox 1721 3615 2084 3669; x_wconf 79' lang='lat' dir='ltr'><strong>compressum</strong></span> <span class='ocrx_word' id='word_1_295' title='bbox 2109 3598 2390 3652; x_wconf 85' lang='lat' dir='ltr'><strong>effluxerit.</strong></span> <span class='ocrx_word' id='word_1_296' title='bbox 2419 3595 2632 3649; x_wconf 84' lang='lat' dir='ltr'><strong>Dicitur</strong></span> <span class='ocrx_word' id='word_1_297' title='bbox 2651 3612 2750 3647; x_wconf 82' lang='lat' dir='ltr'><strong>au·</strong></span> 
     </span>
    </p>

    <p class='ocr_par' dir='ltr' id='par_1_24' title="bbox 1722 3674 2751 3749">
     <span class='ocr_line' id='line_1_53' title="bbox 1722 3674 2751 3749; baseline -0.001 -20"><span class='ocrx_word' id='word_1_298' title='bbox 1722 3689 1829 3729; x_wconf 85' lang='lat' dir='ltr'><strong>tem</strong></span> <span class='ocrx_word' id='word_1_299' title='bbox 1863 3696 2075 3749; x_wconf 82' lang='lat' dir='ltr'><strong>passum</strong></span> <span class='ocrx_word' id='word_1_300' title='bbox 2107 3696 2139 3730; x_wconf 87' lang='lat' dir='ltr'><strong>a</strong></span> <span class='ocrx_word' id='word_1_301' title='bbox 2171 3674 2462 3749; x_wconf 83' lang='lat' dir='ltr'><strong>patiendo,</strong></span> <span class='ocrx_word' id='word_1_302' title='bbox 2503 3674 2590 3727; x_wconf 77' lang='lat' dir='ltr'><strong>vel</strong></span> <span class='ocrx_word' id='word_1_303' title='bbox 2615 3694 2751 3745; x_wconf 84' lang='lat' dir='ltr'><strong>pan·</strong></span> 
     </span>
    </p>

    <p class='ocr_par' dir='ltr' id='par_1_25' title="bbox 1719 3754 2748 4223">
     <span class='ocr_line' id='line_1_54' title="bbox 1724 3754 2748 3827; baseline -0.004 -17"><span class='ocrx_word' id='word_1_304' title='bbox 1724 3756 1924 3811; x_wconf 84' lang='lat' dir='ltr'><strong>dendo.</strong></span> <span class='ocrx_word' id='word_1_305' title='bbox 1954 3758 2076 3810; x_wconf 80' lang='lat' dir='ltr'><strong>Uva</strong></span> <span class='ocrx_word' id='word_1_306' title='bbox 2109 3758 2252 3810; x_wconf 77' lang='lat' dir='ltr'><strong>enim</strong></span> <span class='ocrx_word' id='word_1_307' title='bbox 2285 3768 2530 3827; x_wconf 82' lang='lat' dir='ltr'><strong>tempore</strong></span> <span class='ocrx_word' id='word_1_308' title='bbox 2551 3773 2650 3807; x_wconf 74' lang='lat' dir='ltr'><strong>suo</strong></span> <span class='ocrx_word' id='word_1_309' title='bbox 2677 3754 2748 3807; x_wconf 82' lang='lat' dir='ltr'><strong>ad</strong></span> 
     </span>
     <span class='ocr_line' id='line_1_55' title="bbox 1722 3834 2748 3907; baseline -0.002 -18"><span class='ocrx_word' id='word_1_310' title='bbox 1722 3838 1890 3890; x_wconf 84' lang='lat' dir='ltr'><strong>solem</strong></span> <span class='ocrx_word' id='word_1_311' title='bbox 1936 3836 2294 3907; x_wconf 85' lang='lat' dir='ltr'><strong>expanditur,</strong></span> <span class='ocrx_word' id='word_1_312' title='bbox 2337 3847 2392 3889; x_wconf 85' lang='lat' dir='ltr'><strong>et</strong></span> <span class='ocrx_word' id='word_1_313' title='bbox 2434 3834 2564 3887; x_wconf 87' lang='lat' dir='ltr'><strong>dum</strong></span> <span class='ocrx_word' id='word_1_314' title='bbox 2606 3835 2748 3888; x_wconf 82' lang='lat' dir='ltr'><strong>sicca</strong></span> 
     </span>
     <span class='ocr_line' id='line_1_56' title="bbox 1725 3913 2746 3987; baseline -0.001 -19"><span class='ocrx_word' id='word_1_315' title='bbox 1725 3916 1904 3978; x_wconf 86' lang='lat' dir='ltr'><strong>fuerit,</strong></span> <span class='ocrx_word' id='word_1_316' title='bbox 1924 3919 2223 3987; x_wconf 86' lang='lat' dir='ltr'><strong>percutitur</strong></span> <span class='ocrx_word' id='word_1_317' title='bbox 2241 3928 2397 3986; x_wconf 81' lang='lat' dir='ltr'><strong>atque</strong></span> <span class='ocrx_word' id='word_1_318' title='bbox 2407 3913 2746 3985; x_wconf 85' lang='lat' dir='ltr'><strong>decoquitur.</strong></span> 
     </span>
     <span class='ocr_line' id='line_1_57' title="bbox 1721 3992 2748 4067; baseline -0.002 -18"><span class='ocrx_word' id='word_1_319' title='bbox 1721 3995 1857 4049; x_wconf 87' lang='lat' dir='ltr'><strong>Inde</strong></span> <span class='ocrx_word' id='word_1_320' title='bbox 1883 3997 1946 4050; x_wconf 84' lang='lat' dir='ltr'><strong>fit</strong></span> <span class='ocrx_word' id='word_1_321' title='bbox 1973 4016 2183 4067; x_wconf 79' lang='lat' dir='ltr'><strong>passum</strong></span> <span class='ocrx_word' id='word_1_322' title='bbox 2207 3996 2422 4059; x_wconf 85' lang='lat' dir='ltr'><strong>vinum,</strong></span> <span class='ocrx_word' id='word_1_323' title='bbox 2463 3993 2613 4064; x_wconf 90' lang='lat' dir='ltr'><strong>quod</strong></span> <span class='ocrx_word' id='word_1_324' title='bbox 2651 3992 2748 4047; x_wconf 82' lang='lat' dir='ltr'><strong>de-</strong></span> 
     </span>
     <span class='ocr_line' id='line_1_58' title="bbox 1719 4072 2744 4142; baseline -0.001 -14"><span class='ocrx_word' id='word_1_325' title='bbox 1719 4076 1920 4129; x_wconf 80' lang='lat' dir='ltr'><strong>frutum</strong></span> <span class='ocrx_word' id='word_1_326' title='bbox 1942 4116 1957 4142; x_wconf 93' lang='lat'><strong>,</strong></span> <span class='ocrx_word' id='word_1_327' title='bbox 1983 4074 2042 4128; x_wconf 92' lang='lat' dir='ltr'><strong>id</strong></span> <span class='ocrx_word' id='word_1_328' title='bbox 2061 4089 2167 4141; x_wconf 75' lang='lat' dir='ltr'><strong>est,</strong></span> <span class='ocrx_word' id='word_1_329' title='bbox 2199 4089 2414 4128; x_wconf 80' lang='lat' dir='ltr'><strong>coctum</strong></span> <span class='ocrx_word' id='word_1_330' title='bbox 2436 4072 2666 4127; x_wconf 78' lang='lat' dir='ltr'><strong>dicimus</strong></span> <span class='ocrx_word' id='word_1_331' title='bbox 2695 4099 2744 4127; x_wconf 67' lang='lat' dir='ltr'><strong>a.</strong></span> 
     </span>
     <span class='ocr_line' id='line_1_59' title="bbox 1720 4153 2748 4223; baseline 0 -16"><span class='ocrx_word' id='word_1_332' title='bbox 1720 4156 1848 4208; x_wconf 85' lang='lat' dir='ltr'><strong>Haec.</strong></span> <span class='ocrx_word' id='word_1_333' title='bbox 1875 4154 2101 4209; x_wconf 83' lang='lat' dir='ltr'><strong>totidem</strong></span> <span class='ocrx_word' id='word_1_334' title='bbox 2129 4156 2306 4209; x_wconf 68' lang='lat' dir='ltr'><strong>verbis</strong></span> <span class='ocrx_word' id='word_1_335' title='bbox 2331 4153 2390 4207; x_wconf 86' lang='lat' dir='ltr'><strong>in</strong></span> <span class='ocrx_word' id='word_1_336' title='bbox 2422 4153 2631 4223; x_wconf 81' lang='lat' dir='ltr'><strong>optimo</strong></span> <span class='ocrx_word' id='word_1_337' title='bbox 2653 4172 2748 4207; x_wconf 82' lang='lat' dir='ltr'><strong>ve-</strong></span> 
     </span>
    </p>
   </div>
  </div>
 </body>
</html>
