3067 5017
647 479 744 560 84
953 527 962 533 -
1427 471 2017 552 POENULUS‚

642 623 846 672 omn.
880 594 1322 692 Aphrodisia,
1353 593 1562 664 hodie
1584 595 1875 664 Veneris
1904 607 2007 662 est
2036 591 2247 664 festus
2282 591 2427 662 dies
2450 620 2471 661 ε

639 715 928 780 Oratum
965 709 1196 777 ierunt
1231 705 1466 791 deam,
1505 719 1583 775 ut
1618 705 1749 775 sibi
1782 717 1955 776 osset
1992 702 2313 797 propitia.
2748 729 2805 768 1⁵

635 845 888 891 mm.
923 816 1092 904 Pol,
1112 816 1274 886 satis
1307 814 1448 884 seio
1467 815 1929 908 inpetrarunt,
1958 812 2235 907 quando
2260 814 2371 883 hic
2395 813 2548 884 heic
2580 814 2797 886 adest.

635 955 855 1002 Aeon.
883 929 1058 1014 Eho,
1087 951 1174 998 an
1193 926 1398 1019 hujus
1423 941 1585 1000 sunt
1615 924 1747 996 illae
1773 923 1967 998 filiae?
1984 948 2189 996 cion.
2221 928 2327 995 Ita
2352 940 2435 994 ut
2451 926 2799 1021 praedicas.

636 1047 785 1112 Tua
818 1042 1030 1135 pietas
1061 1037 1258 1106 nobis
1293 1036 1494 1131 plane
1527 1035 1782 1104 auxilio
1813 1035 1977 1121 fuit,

633 1155 868 1242 Quom
899 1151 1038 1221 huc
1068 1147 1398 1216 advenisti
1435 1145 1639 1214 hodie
1675 1146 1747 1214 in
1795 1146 1947 1239 ipso
1985 1159 2290 1238 tempore
2322 1171 2341 1214 z

629 1268 940 1357 Namque
987 1258 1190 1331 hodie
1229 1283 1467 1328 earum
1513 1272 1949 1328 mutarentur
1992 1257 2313 1343 nomina,
2746 1290 2803 1316 2.

628 1381 1087 1466 Facerentque
1131 1369 1485 1464 indignum
1531 1393 1778 1462 genere
1822 1383 2157 1462 quaestum
2200 1392 2509 1461 corpore.

627 1510 840 1556 runa.
877 1482 1246 1552 Handones
1275 1480 1372 1549 illi
1407 1481 1635 1560 bavon
1670 1479 1847 1550 bene
1880 1480 1941 1546 si
1978 1477 2073 1546 illi
2110 1479 2181 1546 in
2218 1479 2537 1547 mustine.

581 1620 832 1692 xeim).
869 1598 988 1664 Me
1025 1593 1150 1687 ipsi
1183 1606 1252 1660 et
1288 1605 1516 1659 eneste
1546 1590 1711 1658 dum
1746 1604 1817 1659 et
1858 1590 2128 1658 alamna
2162 1590 2519 1658 cestinum.

625 1732 850 1778 aeon.
895 1704 1090 1794 Quid
1127 1701 1228 1770 illi
1261 1701 1474 1770 locuti
1517 1718 1678 1772 sunt
1714 1702 1897 1771 inter
1940 1700 2054 1769 se?
2099 1699 2211 1771 die
2244 1699 2441 1768 mihi.

624 1841 878 1887 mmm.
896 1818 1188 1884 Matrem
1216 1810 1467 1881 salutat
1480 1811 1597 1883 hic
1614 1837 1803 1880 suam
1820 1811 2001 1898 ‚haeo
2018 1826 2245 1880 autem
2268 1811 2454 1880 hunc
2466 1810 2710 1880 filium.
2740 1833 2794 1871 2⁵

627 1951 810 1996 lun.
847 1929 1026 1994 Tace
1053 1937 1260 2016 atque
1294 1947 1494 2016 parce
1529 1921 1849 1990 muliebri
1888 1921 2363 2015 suppellectili.

632 2060 866 2108 Aaou.
915 2036 1088 2126 Quae
1127 2057 1206 2102 m
1245 2047 1347 2102 est
1389 2030 1781 2126 suppellex?
1832 2056 2015 2102 inu.
2068 2031 2311 2102 Clarus
2346 2029 2605 2102 clamor
2647 2034 2797 2103 sine

917 2143 1142 2212 modo.

625 2262 734 2327 Tu
767 2255 990 2325 abdue
1023 2254 1152 2322 hos
1188 2254 1410 2340 intro,
1443 2270 1514 2322 et
1550 2277 1691 2322 una
1722 2254 2057 2327 nutricem
2094 2253 2297 2324 simul

619 2373 660 2437 J
664 2369 794 2438 ube
833 2367 1021 2437 abire
1047 2364 1228 2434 hanc
1254 2363 1344 2432 ad
1379 2379 1478 2450 te..
1511 2387 1729 2435 Acon.
1772 2367 1905 2434 Fac
1940 2364 2123 2460 quod
2170 2367 2457 2460 inperat.
2572 2427 2579 2436 .

623 2504 786 2548 1111..
817 2478 954 2548 Sed
969 2478 1120 2572 quis
1139 2474 1288 2545 illas
1307 2475 1432 2543 tibi
1451 2475 1900 2544 monstrabit?
1927 2501 2049 2548 Ac..
2075 2481 2222 2570 Ego
2251 2476 2681 2545 doctissume.
2736 2499 2793 2538 ³·

625 2612 882 2658 marn.
917 2587 1105 2656 Abeo
1145 2587 1372 2679 igitur.
1401 2609 1625 2656 AGOR.
1653 2587 1886 2657 Facias
1918 2585 2162 2674 modo,
2198 2613 2402 2681 quam
2424 2612 2789 2672 memores,

925 2696 1258 2767 mavelim.

622 2817 879 2882 Patruo
917 2808 1302 2878 advenienti
1335 2831 1526 2876 coena
1562 2821 1843 2876 curetur
1876 2807 2055 2876 volo.

629 2947 882 2993 nitra.
911 2919 1302 2990 Lachanam
1330 2915 1484 2988 vos!
1515 2942 1689 3012 quos
1718 2943 1847 3012 ego
1864 2919 2011 3012 jam
2042 2917 2395 2988 detrudam
2431 2917 2519 2986 ad
2554 2918 2787 2988 molas.

1752 3119 1874 3159 tura
1900 3121 2015 3160 erat
2038 3125 2207 3173 saera,
2224 3122 2474 3180 capturas
2486 3109 2629 3175 tulit,
2642 3121 2783 3162 etc.»

1752 3188 1969 3239 Douza.

1839 3271 1936 3322 26.
1976 3268 2137 3320 Parce
2174 3269 2291 3322 nul.
2316 3289 2464 3340 supp.
2492 3269 2663 3324 Parce
2698 3270 2787 3320 lo·

1754 3347 2030 3418 quacitati.
2060 3345 2195 3400 vid.
2230 3367 2369 3402 vers.
2404 3367 2516 3418 seq.
2551 3362 2607 3402 et
2633 3349 2788 3402 Prol.

1752 3446 1835 3480 vs.
1859 3425 2061 3480 32-35.

719 3130 806 3165 ao.
829 3109 1144 3162 nmmum
1153 3111 1369 3159 nonina.
1382 3105 1665 3171 Mulieres,

634 3209 755 3262 que
789 3189 962 3258 stupri
995 3187 1267 3240 licentiam
1309 3185 1456 3257 apud
1485 3185 1671 3239 adila

637 3271 890 3342 professae
925 3268 1290 3319 meretricium
1324 3267 1673 3333 instituerent.

639 3361 902 3421 quastum
917 3384 935 3410 ‚
965 3365 1166 3399 nomen
1199 3359 1408 3398 mutare
1443 3364 1667 3399 eonsue-

639 3431 780 3484 visse
815 3447 880 3480 ex
919 3427 1028 3480 hoe
1067 3425 1244 3478 Plauti
1284 3427 1408 3478 loco
1441 3438 1668 3480 constat.

639 3511 907 3564 Proterea
945 3525 1022 3558 en
1065 3525 1189 3577 qun
1236 3507 1474 3576 optaris
1521 3525 1669 3576 quai-

639 3592 858 3659 stuique
899 3587 1208 3639 meretricio
1247 3587 1633 3639 renuntiabant
1650 3625 1666 3650 ,

635 3670 876 3724 liberum
893 3667 998 3718 sibi
1025 3667 1425 3738 ingenuumque
1445 3685 1667 3733 nomen,

638 3750 826 3821 priore
855 3747 952 3814 illo
982 3765 1106 3814 cum
1133 3765 1361 3817 persona
1388 3744 1634 3816 deposito
1648 3784 1669 3810 ,

641 3845 910 3883 assumere
935 3827 1121 3880 solita.
1155 3826 1320 3879 cenis
1359 3826 1520 3877 etiam
1554 3845 1671 3878 me-

639 3907 896 3974 retricum
920 3905 1323 3976 superimpositi
1357 3919 1508 3958 erant
1533 3906 1663 3957 titu-

636 3989 708 4056 li,
735 4001 790 4041 et
819 3987 1114 4040 meretricis
1151 4005 1348 4040 nomen
1391 3985 1448 4044 iu
1489 3985 1667 4038 fronte

635 4065 917 4139 pependit.
943 4066 1170 4119 Tertull.
1212 4092 1236 4113 ι
1257 4065 1476 4118 Nomen
1509 4078 1665 4118 tuum

633 4146 900 4219 pependit
935 4146 994 4198 in
1023 4147 1240 4210 fronte,
1277 4146 1452 4216 pretia
1488 4146 1661 4216 stupri

633 4227 918 4299 accepisti,
943 4237 1000 4278 et
1023 4244 1212 4280 manus
1231 4264 1248 4292 ,
1287 4244 1408 4296 que.
1439 4223 1536 4279 diu
1568 4224 1660 4278 da-

1840 3509 1936 3562 33.
1968 3507 2267 3560 Ladona.
2290 3508 2497 3561 Punica
2519 3507 2635 3560 bac
2662 3521 2791 3562 sunt

1756 3598 1811 3639 et
1856 3588 1915 3640 in
1964 3585 2097 3642 duas
2143 3606 2304 3641 voces
2346 3586 2637 3640 dividenda
2654 3628 2673 3653 ‚
2704 3589 2785 3639 La

1760 3667 1969 3720 Chauon
1994 3686 2123 3733 νοις
2172 3680 2227 3720 et
2260 3668 2468 3721 aunan
2504 3686 2607 3738 pro
2647 3668 2786 3720 Clea-

1754 3765 1887 3801 Man
1917 3750 2103 3804 72:7³2
2142 3726 2242 3800 8¹).
2270 3749 2395 3801 Non
2423 3766 2555 3814 vos,
2576 3747 2782 3819 inquit,

1752 3825 2011 3880 reducam
2054 3828 2113 3886 in
2152 3828 2373 3880 Chanan
2422 3827 2653 3896 patriam
2693 3847 2785 3882 ve-

1752 3921 1915 3960 stram
1934 3947 1953 3973 ,
1982 3907 2077 3960 sed
2112 3908 2201 3960 hic
2232 3910 2339 3977 jam
2382 3906 2669 3960 detrudam
2710 3905 2783 3960 ad

1753 3988 1941 4040 molas.
1981 3987 2133 4042 Poeni
2172 3988 2232 4040 in
2274 3988 2457 4039 Africa
2489 3987 2783 4040 Chananaei

1752 4079 1916 4138 atque
1941 4067 2016 4120 ita
2042 4069 2201 4122 etiam
2226 4067 2305 4120 ibi
2332 4087 2387 4119 se
2416 4068 2601 4120 vocari
2629 4069 2781 4120 vole-

1752 4147 1917 4212 hant,
1941 4148 2036 4218 qui
2080 4167 2147 4200 ex
2189 4147 2488 4202 chunna
2520 4146 2779 4212 oriundi,

1748 4245 1869 4297 que
1908 4227 2110 4282 Grecis
2149 4229 2367 4284 Φοινίκη.
2408 4227 2586 4281 61·ιοί
2628 4227 2777 4280 enim
