3067 5017
868 484 876 495 ,
926 408 1272 479 AcTth
1321 411 1392 495 1,
1445 410 1772 480 scENA
1827 412 1967 480 111.

2390 412 2527 511 317

371 536 543 623 Quae
589 534 765 601 inter
801 532 1203 600 continuum
1241 530 1509 625 perdidi
1548 531 1939 602 triennium.

372 646 515 712 1³1·ae
553 666 840 711 moerore
877 640 1045 709 adeo
1090 641 1293 709 miser
1329 656 1530 735 atque
1571 642 1970 736 aegritudine

371 754 750 838 Consenui3
796 777 981 846 paene
1021 777 1166 820 sum
1209 752 1383 820 fame
1427 767 1794 845 emortuus.

371 887 578 934 onoc.
625 861 979 932 Ridiculus
1023 887 1210 956 aeque
1254 860 1480 930 nullus
1515 877 1646 948 est,
1696 861 1969 955 quando
2008 866 2233 935 esurit.

375 996 534 1042 GEL.
575 975 778 1042 Nunc
816 971 1196 1068 auctionem
1237 971 1453 1040 facere
1485 971 1831 1040 decretum
1854 971 1936 1042 'st
1978 975 2145 1044 mihi
2177 1002 2192 1044 :
2478 997 2528 1038 σε

375 1089 581 1153 Foras
625 1106 972 1150 necessum
988 1078 1070 1149 'st
1106 1081 1438 1175 quidquid
1477 1082 1693 1151 habeo
1728 1082 2039 1155 vendere.

371 1192 656 1279 Adeste,
703 1189 930 1274 solus,
975 1189 1199 1284 praeda
1235 1193 1362 1260 erit
1399 1192 1847 1285 praesentium.
1926 1281 1929 1286 ,

372 1308 595 1397 Logos
631 1299 954 1370 ridiculos
993 1301 1210 1370 vendo
1233 1355 1252 1388 ,
1287 1303 1500 1396 agite,
1538 1300 1857 1372 licemini.

375 1414 515 1501 Qui
555 1437 743 1481 coena
787 1411 1050 1507 poscit?
1087 1412 1280 1503 ecqui
1321 1413 1538 1506 poscit
1577 1410 1914 1505 prandio?

373 1522 694 1593 Hercules
735 1538 800 1592 te
836 1522 1109 1590 amabit.
1152 1523 1499 1592 Prandio?
1542 1547 1730 1592 coena
1776 1523 1951 1592 tibi?
2480 1565 2531 1605 7⁰

375 1634 584 1703 Ehem
631 1632 1045 1702 adnuistin’?
1088 1657 1287 1700 nemo
1333 1631 1643 1702 meliores
1686 1632 1906 1701 dabit:

376 1800 544 1850 emta3
590 1785 790 1838 scilicet
836 1784 1164 1855 potationes,
1202 1803 1402 1848 coenas,

376 1883 480 1922 etc.
500 1867 578 1918 Ea
602 1865 890 1936 mancupia
919 1876 1136 1918 mortua
1159 1877 1286 1916 sunt
1313 1865 1408 1918 mi-

375 1949 465 2012 hi,
492 1958 546 2000 et
580 1963 666 1998 me
706 1942 903 1996 damno
943 1943 1177 1996 maximo
1217 1944 1408 1998 affece-

374 2038 522 2080 runt.
547 2025 617 2077 N.

456 2105 549 2157 63.
571 2102 977 2157 Consenui.Hinc
992 2105 1172 2154 senium
1191 2117 1409 2173 ponunt

377 2187 486 2240 ἀντὶ
545 2187 816 2244 κακότητος
879 2183 911 2239 ἢ
971 2182 1200 2250 καχεξίας
1222 2220 1239 2247 ,
1293 2182 1408 2236 sine

376 2265 639 2338 squallore
666 2276 718 2315 et
745 2262 947 2315 illuvie.
971 2261 1159 2314 Manil.
1198 2287 1221 2309 α
1239 2265 1409 2316 AEter.

259 2387 266 2392 -
375 2347 570 2418 nisque
591 2361 741 2397 senes
765 2339 907 2395 curis
933 2367 980 2394 ι.
1016 2341 1137 2393 Cas.

459 2429 554 2496 67.
574 2424 754 2477 Proeda
779 2425 874 2474 erit
890 2424 1214 2491 proesentae'um.
1239 2421 1409 2486 Quasi

383 2504 527 2559 dicat
552 2523 567 2558 ε
593 2504 717 2556 Non
746 2516 854 2567 est,
894 2499 1042 2572 quod
1074 2513 1248 2554 emtor
1269 2500 1409 2572 quis-

384 2586 556 2655 piam,
583 2583 874 2636 bellissima
900 2581 1002 2634 hac
1023 2581 1298 2634 occasione
1323 2599 1406 2633 se-

379 2665 486 2718 mel
513 2664 717 2734 dilapsa
733 2702 748 2728 ,
771 2679 1005 2732 unquam
1037 2679 1206 2732 porro
1228 2677 1407 2732 specu·

377 2745 482 2800 lam
510 2744 614 2797 sibi
646 2742 837 2808 faciat,
885 2760 948 2794 ex
985 2741 1089 2795 hac
1126 2740 1406 2812 parasitica

377 2823 625 2880 auctione
661 2823 748 2874 vel
799 2833 1036 2875 ramenta
1089 2821 1302 2891 plumea
1349 2838 1406 2873 se

375 2903 784 2975 propensiorem
811 2900 1161 2954 discessurum
1201 2917 1216 2952 ε
1266 2899 1406 2953 nihil

377 2984 524 3037 enim
570 2994 799 3054 quaestus
833 2981 936 3035 erit
975 2980 1154 3033 animo
1177 2992 1269 3033 aut
1297 2998 1409 3033 cor-

377 3082 512 3134 pore
537 3063 844 3115 absentibus
872 3059 1082 3113 aliudve
1104 3062 1214 3130 jam
1251 3077 1408 3131 agen·

379 3143 542 3196 tibus.
567 3141 786 3213 Oppido
821 3159 981 3212 quam
1015 3138 1268 3205 ridicule,
1293 3140 1407 3193 imo

377 3241 503 3276 vere
525 3222 864 3292 parasiticum
885 3221 942 3272 in
961 3220 1405 3273 morem.DouzA.

461 3305 555 3356 68.
583 3303 834 3354 Licemini.
865 3301 1094 3365 Men.V,
1119 3319 1184 3369 9,
1213 3319 1306 3370 97.

463 3386 554 3452 69.
579 3383 683 3452 Qui·
697 3400 830 3432 coena
844 3383 1023 3450 poscit,
1041 3381 1162 3450 quis
1184 3379 1300 3433 vult
1319 3397 1409 3432 me

379 3459 499 3516 data
523 3478 672 3515 eoena
701 3479 880 3513 emere
896 3464 919 3510 Ρ
947 3461 1130 3513 Lami.

462 3559 550 3612 70·
575 3541 828 3593 Hercules.
856 3540 1000 3610 Lego
1028 3561 1041 3592 ε
1075 3562 1098 3583 ι
1120 3539 1376 3592 Hercules
1391 3576 1410 3603 ,

380 3633 434 3673 te
454 3639 572 3674 ama
593 3634 608 3674 t
634 3620 734 3673 tibi
756 3618 1021 3691 prandio?
1049 3637 1195 3672 coena
1219 3618 1317 3673 tibi
1331 3623 1356 3668 i>
1377 3644 1400 3666 ι

379 3698 628 3753 Ridicule
654 3699 938 3753 Herculem
970 3699 1219 3763 invocat,
1257 3709 1320 3752 ut
1350 3698 1407 3750 in

378 3778 630 3834 auctione
653 3780 753 3832 sibi
774 3790 970 3851 praesto
994 3779 1062 3831 sit
1084 3799 1097 3830 ε
1121 3788 1174 3830 et
1195 3777 1266 3832 ita
1288 3795 1409 3847 pre-

382 3871 562 3924 catur,
603 3860 753 3930 qnasi
779 3877 892 3912 non
919 3869 1027 3911 tam
1053 3857 1160 3910 sibi
1187 3858 1256 3909 ab
1284 3857 1408 3921 illo,

382 3957 545 4010 quam
565 3939 670 4010 ipsi
698 3957 728 3991 a
756 3937 1038 4009 semetipso
1059 3935 1187 3989 velit
1210 3935 1408 3989 benefl-

381 4018 522 4072 cium
565 4018 805 4089 praestari
841 4037 856 4072 τ
900 4017 1132 4088 ideoque
1177 4015 1250 4068 ait
1296 4034 1408 4068 non

385 4117 484 4162 me,
515 4095 609 4152 sed
633 4109 678 4150 te
705 4118 831 4155 ama.
861 4099 973 4152 Cur
993 4098 1138 4150 boc?
1162 4095 1288 4168 quia
1311 4093 1408 4148 de-

383 4178 579 4234 cimam
594 4195 658 4232 ex
673 4178 918 4234 auctione
933 4189 1152 4234 voverat
1167 4174 1406 4234 Herculi.

1490 1787 1653 1838 Acin.
1680 1819 1761 1828 --
1786 1786 1909 1839 Non
1940 1785 2156 1841 videtur
2195 1803 2330 1844 stare
2369 1813 2525 1864 posse

1491 1866 1649 1918 lectio
1674 1865 2002 1936 scriptorum
2031 1867 2301 1936 codicum,
2329 1897 2352 1920 ι
2370 1893 2533 1945 pran-

1489 1943 1600 2010 dia,
1620 1965 1793 1998 coenas
1817 1946 1913 1998 tibi
1930 1972 1977 2000 n.
2001 1948 2111 2000 Lex
2135 1950 2278 2002 enim
2301 1954 2524 2008 metrica

1488 2038 1767 2096 repugnat.
1801 2025 2011 2079 Deinde
2034 2027 2197 2082 verba
2226 2030 2347 2096 illa,
2385 2054 2523 2086 nemo

1489 2107 1705 2157 meliores
1739 2105 1905 2168 dabit,
1933 2107 2093 2176 plane
2136 2124 2344 2164 constat
2385 2116 2525 2168 refe-

1470 2183 1657 2238 renda
1689 2203 1799 2238 esse
1826 2183 1894 2238 ad
1930 2204 1991 2238 ea
2017 2204 2136 2259 quae
2170 2191 2523 2259 procedunt:

1497 2289 1519 2310 ι
1544 2265 1719 2334 Logos
1772 2263 2032 2318 ridiculos
2092 2267 2298 2335 vendo,
2344 2274 2483 2344 agite
2506 2316 2522 2342 ,

1487 2343 1717 2396 licemini
1743 2369 1764 2389 n
1778 2384 1791 2396 .
1818 2345 2309 2402 Saum—Hercules
2327 2364 2373 2403 te
2390 2373 2527 2407 ama-

1487 2423 1561 2475 bit
1577 2443 1597 2473 .-
1611 2424 1823 2493 prandio
1836 2430 1867 2474 θ
1886 2443 2027 2482 ,οωπα
2050 2425 2142 2478 tibi
2156 2435 2187 2478 ι’
2220 2431 2301 2482 Ita
2332 2430 2524 2487 distin·

1488 2500 1761 2574 guendum
1792 2521 2002 2558 censeo.
2029 2506 2340 2578 Alloquitur
2366 2516 2521 2584 quasi

1487 2583 1717 2653 aliquem
1748 2581 1818 2634 de
1840 2601 2035 2636 corona
2059 2585 2519 2648 circumstantium

1487 2662 1547 2714 in
1570 2662 1834 2716 auctione.
1860 2663 1916 2715 Si
1936 2662 2167 2718 redimas
2184 2685 2330 2721 meos
2350 2670 2522 2744 logos,

1485 2741 1686 2795 amabit
1728 2752 1784 2795 te
1825 2742 2095 2797 Hercules.
2132 2746 2311 2811 Quare
2330 2749 2357 2801 i!
2395 2753 2521 2823 quia

1484 2822 1647 2890 hujus
1670 2823 1848 2874 tutela!
1875 2841 1931 2876 se
1958 2821 2227 2878 ducebant
2263 2831 2481 2898 parasiti
2508 2850 2525 2888 t

1487 2900 1635 2973 'quod
1657 2912 1711 2954 et
1730 2901 1846 2972 ipse
1874 2901 2105 2973 fingatur
2124 2924 2255 2958 esem
2274 2911 2519 2966 maximae

1487 2979 1635 3043 (vide
1664 2981 1939 3053 Euripidis
1967 2975 2278 3055 Alcestim),
2312 3001 2365 3042 et
2395 2993 2522 3062 quia

1486 3061 1735 3132 polluctis
1761 3059 1980 3115 Herculi
2002 3082 2279 3136 nunquam
2304 3068 2523 3126 deerant

1487 3141 1729 3210 parasiti.
1761 3139 1897 3194 Inde
1928 3142 1985 3194 in
2014 3144 2233 3198 Curcul.
2265 3173 2288 3195 α
2310 3149 2519 3205 Invoco

1487 3221 1683 3292 almam
1746 3237 1919 3274 meam
1984 3224 2255 3278 nutricem
2317 3226 2525 3284 Hercu.

1487 3301 1597 3354 lem
1633 3325 1685 3352 a.
1728 3300 1839 3354 Nec
1887 3300 2191 3356 mirandum
2235 3307 2519 3365 Herculem

1487 3378 1597 3432 dici
1627 3380 1927 3434 nutricem:
1970 3399 2095 3436 nam
2130 3384 2208 3436 sic
2242 3400 2296 3439 et
2334 3407 2523 3460 agrum

1489 3457 1626 3511 dicit
1652 3462 1883 3512 nutricem
1898 3461 2145 3516 Trinum.
2168 3465 2225 3516 11
2240 3503 2255 3529 ,
2282 3473 2315 3530 4
2332 3505 2349 3532 ,
2383 3486 2407 3521 t
2424 3489 2447 3524 1
2464 3491 2515 3526 1.

1490 3538 1749 3592 Similiter
1768 3541 2045 3612 sequentia
2064 3561 2236 3614 quum
2256 3545 2415 3614 dicit,
2450 3554 2521 3606 ab

1487 3618 1597 3671 alio
1624 3617 1695 3670 ad
1723 3619 1886 3673 alium
1914 3622 2097 3674 oculos
2118 3623 2448 3695 circumfert,
2466 3645 2523 3686 et

1489 3697 1780 3768 significat:
1803 3700 1960 3753 Tune
1979 3700 2210 3770 prandio
2232 3708 2407 3776 poscis
2425 3712 2523 3765 tibi

1490 3791 1743 3848 tanquam
1783 3781 1990 3850 pretio,
2031 3798 2167 3851 quos
2203 3784 2411 3853 vendo,
2449 3791 2525 3845 lo-

1491 3857 1629 3928 gos?
1656 3871 1785 3912 tune
1810 3876 1956 3912 coena
1978 3859 2002 3912 i’
2044 3860 2133 3914 Sic
2164 3875 2215 3918 et
2232 3904 2248 3930 ,
2304 3892 2327 3914 ι
2344 3867 2517 3924 Ehem

1497 3933 1763 3990 annuisti?
1794 3964 1815 3984 n
1844 3938 1993 4009 quasi
2022 3940 2215 4011 aliquis
2253 3945 2413 4001 licere
2452 3951 2525 4004 vi-

1495 4033 1584 4068 sus
1614 4017 1811 4070 fuisset.
1851 4017 1921 4070 Et
1945 4018 2052 4073 huc
2078 4023 2311 4091 pertinet
2338 4026 2525 4085 Sueto·

1497 4095 1581 4148 nii
1601 4097 1659 4148 in
1685 4097 1852 4168 Calig.
1876 4105 1995 4168 cap.
2021 4099 2088 4152 28
2110 4121 2123 4152 ε
2158 4128 2181 4151 ι
2204 4105 2417 4174 Aponio
2438 4109 2528 4163 Sa.

1497 4177 1716 4230 turnino
1744 4176 1883 4233 inter
1905 4178 2153 4236 subsellia
2174 4180 2495 4244 dormitante
2509 4230 2526 4257 ,
