3067 5017
584 401 719 474 232

1416 407 1881 489 RUDENS‚

578 531 675 599 Ut
712 529 781 596 in
821 526 1051 598 ocellis
1086 523 1451 599 hilaritudo
1487 528 1620 600 est!
1655 531 1760 600 eia
1781 583 1801 615 ‚
1835 551 2080 624 corpus
2113 527 2576 624 quojusmodi!

579 635 1086 707 Suhvolturium
1111 638 1335 726 ;‚illud
1373 640 1644 734 quidem
1668 694 1688 729 ,
1725 637 2151 735 subaquilum
2179 638 2365 708 volui
2402 639 2643 708 dicere.
2723 687 2734 696 ·

584 746 709 816 Vel
747 745 1008 841 papillae
1032 748 1501 841 quojusmodil
1528 766 1672 820 tum
1695 775 1842 844 quoe
1861 747 2156 819 indoles
2141 775 2210 818 m
2233 750 2416 818 savio
2437 764 2567 818 est.
2552 749 2581 804 ἶ)
2681 787 2734 814 ω

582 877 757 924 ΑΜΡ.
792 857 946 926 Nou
978 880 1100 949 ego
1136 882 1283 925 sum
1317 858 1612 953 pollucta
1644 885 1862 970 pago:
1903 857 2112 956 potin’
2138 875 2214 928 ut
2250 884 2360 928 me
2395 859 2732 929 abstineas

880 989 1151 1033 manum
1177 965 1206 1034 Ξ)

582 1095 771 1142 εοΕΡ.
807 1075 960 1144 Non
998 1073 1153 1143 licet
1186 1090 1250 1174 te
1283 1077 1455 1147 sicce
1489 1077 1749 1174 placide
1782 1077 2026 1148 bellam
2063 1076 2238 1148 belle
2274 1079 2582 1174 tangere?

588 1207 766 1252 AMP.
795 1184 1034 1253 Otium
1056 1184 1172 1252 ubi
1196 1187 1325 1255 erit
1346 1241 1365 1269 ‚
1384 1202 1528 1256 tum
1551 1189 1673 1257 tibi
1692 1213 1968 1284 operam
1989 1187 2150 1257 ludo
2165 1203 2231 1257 et
2254 1188 2494 1257 delitiae
2522 1186 2732 1256 dabo:
2809 1250 2814 1256 .

585 1294 827 1380 Nunc,
869 1294 1306 1388 quamobrem
1339 1323 1487 1368 sum
1526 1291 1766 1386 missa.
1793 1299 2072 1386 amabo,
2107 1297 2210 1367 vel
2249 1313 2324 1368 tu
2360 1298 2526 1394 mihi
2561 1299 2734 1381 aia8‚

879 1402 979 1472 vel
1018 1428 1241 1500 neges.

588 1534 773 1627 scer.
801 1512 989 1603 Quid
1022 1538 1204 1582 nunc
1238 1515 1378 1586 vis?
1402 1542 1576 1588 AMP.
1614 1519 1919 1613 Sapienti
1959 1532 2273 1606 ornatus,
2309 1517 2472 1611 quid
2497 1515 2738 1603 velim,

884 1619 1208 1692 indicium
1252 1619 1433 1694 facit.

2683 1649 2734 1688 15

581 1752 769 1800 sene.
815 1733 1013 1802 Meus
1040 1757 1311 1838 quoque
1336 1735 1447 1804 hic
1480 1737 1764 1830 sapienti
1801 1751 2115 1826 ornatus,
2147 1735 2311 1831 quid
2346 1733 2547 1805 velim
2567 1789 2588 1823 ‚
2622 1737 2734 1805 in-

880 1839 1131 1912 dicium
1176 1843 1354 1914 facit.

590 1973 765 2019 ΑΜΡ.
801 1955 961 2021 Haec
995 1953 1301 2024 sacerdos
1329 1957 1611 2026 Veneris
1648 1956 1809 2026 hinc
1843 1981 1952 2025 me
1986 1970 2211 2051 petere
2235 1955 2435 2050 jussit
2468 1980 2506 2023 a
2548 1955 2737 2034 vobis

886 2085 1149 2155 aquam.

592 2193 777 2240 sczp.
816 2173 904 2240 At
939 2197 1066 2266 ego
1105 2172 1416 2243 basilicus
1450 2199 1645 2282 sum:
1679 2201 1878 2272 quem
1916 2175 2046 2246 nisi
2083 2200 2270 2263 oram,
2303 2189 2576 2272 guttam
2597 2198 2738 2244 non

884 2280 1077 2350 seres.

654 2509 731 2560 9.
753 2487 1157 2556 Suboolmn‘um,
1146 2500 1270 2542 etc.
1294 2487 1623 2562 Huiusmodi

597 2568 978 2642 ἁμαρτήματα,

596 2650 793 2722 passim
828 2659 1123 2703 occurrunt
1164 2645 1308 2720 apud
1337 2649 1622 2702 Plautum.

601 2731 765 2784 Nunc
783 2746 1003 2781 memmi
1020 2725 1213 2780 Pseud
1229 2727 1331 2792 111,
1352 2747 1405 2792 a,
1428 2729 1523 2782 52·
1530 2727 1622 2792 54.

600 2809 834 2862 -Illud
849 2807 1055 2879 quidem.
1084 2807 1203 2860 Cas
1227 2809 1331 2870 III,
1358 2808 1412 2872 5,
1440 2807 1533 2876 39.
1554 2807 1623 2861 N.

528 2946 532 2959 1
604 2919 687 2934 --
716 2887 1049 2958 Subaqanlum
1081 2886 1224 2950 Quia
1247 2887 1438 2958 aquiloe
1466 2905 1626 2958 gene·

602 2967 833 3023 rosiores
853 2979 977 3019 sunt
1002 2966 1335 3031 vulturibus,
1374 2967 1473 3020 hac
1502 2985 1624 3020 cor·

603 3047 843 3102 rectione
866 3065 991 3098 usus
1012 3057 1092 3098 est
1106 3085 1123 3110 ,
1150 3059 1211 3100 ut
1230 3045 1453 3116 ⁴quidem
1474 3047 1628 3098 Lam-

604 3128 736 3182 bino
762 3126 953 3179 visum.
978 3124 1123 3190 Quid
1150 3127 1343 3197 aquilus
1370 3127 1504 3178 color
1527 3126 1627 3191 sit,

604 3206 837 3260 diximus
862 3204 1066 3258 Poenul.
1089 3204 1163 3270 V,
1188 3227 1241 3269 a,
1276 3207 1405 3260 152.
1424 3207 1629 3272 Quam·

608 3287 690 3341 vis
720 3285 958 3338 Marcell.
976 3286 1219 3338 Donatus
1245 3287 1301 3337 in
1336 3284 1627 3338 Dilucidat.

606 3368 821 3438 aquilum
862 3365 1061 3417 colorem
1101 3383 1211 3417 non
1247 3366 1314 3416 ab
1348 3385 1503 3436 aqua,
1536 3362 1631 3417 sed

607 3445 677 3499 ab
698 3445 863 3519 aquila
888 3445 1011 3498 alite
1026 3483 1041 3509 ,
1057 3445 1213 3514 cujus
1235 3445 1385 3497 color
1408 3446 1477 3496 sit
1498 3445 1630 3498 sub-

610 3526 785 3598 niger,
829 3523 1035 3577 dictum
1072 3536 1268 3576 censet.
1306 3525 1533 3576 Taunus.

702 3624 787 3660 ιο.
809 3606 870 3658 In
889 3606 1049 3667 savio,
1089 3603 1147 3654 in
1176 3601 1381 3676 labellis
1412 3621 1530 3675 quae
1557 3621 1636 3655 sa-

614 3685 763 3739 vium
806 3683 1023 3745 dax-eun
1062 3700 1185 3734 nam
1231 3682 1404 3736 adhuc
1440 3683 1638 3754 refugit

610 3765 919 3834 Ampelisca
936 3763 1021 3814 vel
1046 3763 1115 3816 ab
1131 3762 1516 3817 attrectatione.

704 3863 725 3897 1
745 3863 791 3896 1.
829 3843 1056 3894 Pollucta
1078 3861 1235 3913 pago.
1266 3842 1401 3894 Vult
1430 3859 1487 3894 se
1525 3861 1638 3894 non

615 3939 727 3976 esse
766 3935 1000 3977 scortum
1034 3921 1155 3992 pagi
1196 3922 1470 3992 publicum
1492 3961 1509 3986 ‚
1550 3922 1636 3974 vel

617 4013 887 4074 tamquam
910 3999 1099 4071 dapem
1122 4002 1451 4071 profanatam
1469 4001 1638 4054 omni-

614 4082 717 4134 bus
736 4081 1026 4152 expositam
1045 4119 1061 4145 ,
1084 4081 1291 4150 qualem
1311 4081 1561 4150 publicam
1579 4082 1638 4132 ta·-

614 4162 791 4218 fidinis
813 4163 1061 4212 ‘victimam
1079 4171 1235 4212 vocat
1255 4159 1634 4216 Tertullianus,
1662 4195 1666 4200 ι

1714 2491 2006 2544 Scanatus.
2035 2519 2118 2530 -
2139 2489 2450 2555 Turnebus,
2473 2488 2740 2560 polluctum

1025 2567 1324 2622 voluntaria
1360 2568 1584 2639 quidem
1603 2605 1623 2634 ,
1707 2589 1861 2640 pago,
1873 2569 2294 2640 interpretatur·
2271 2585 2644 2622 :communem
2659 2579 2742 2619 at-

1663 2667 1820 2722 que
1834 2649 2130 2720 expositam
2145 2667 2315 2720 pago,
2343 2661 2404 2700 ut
2423 2649 2481 2701 in
2500 2636 2740 2718 pollucta

1715 2728 1962 2782 Herculis
1989 2728 2170 2781 omnia
2205 2728 2610 2800 exponebantur
2643 2727 2744 2779 ob-

1715 2809 1861 2862 viis-

1723 2935 1726 2938 .
1803 2907 1896 2942 ιι.
1921 2886 2080 2954 Sieoe,
2104 2886 2375 2952 modeste,
2391 2905 2542 2939 more
2563 2883 2747 2938 homi-

1713 2969 1798 3022 nis
1844 2986 1956 3021 non
2004 2966 2205 3020 madidi
2247 2969 2392 3020 vino.
2441 2967 2524 3018 Ita
2571 2965 2746 3017 sobrie.

1717 3047 1934 3119 Sciopp.
1954 3061 2006 3100 et
2025 3066 2148 3100 cum
2172 3066 2236 3099 eo
2253 3045 2504 3099 Daceria’
2489 3058 2749 3115 interpre-

1717 3140 1900 3182 tantur
1919 3132 2014 3186 sic,
2040 3139 2094 3180 et
2117 3147 2171 3178 ce
2196 3139 2384 3198 putant
2409 3141 2729 3198 paragogen.

1805 3209 1898 3261 13.
1925 3207 2097 3272 Ludo,
2127 3207 2276 3277 jocis.
2299 3237 2379 3248 --
2405 3201 2633 3269 Deliaca,
2658 3222 2747 3256 ar-

1718 3287 1880 3358 gutiis
1907 3284 2274 3358 colloquendi.
2307 3285 2394 3338 Cf.
2425 3283 2747 3338 Menoechm.

1720 3367 1803 3432 11,
1837 3366 1892 3431 3,
1922 3368 2012 3420 3ο.

1809 3464 1832 3498 1
1847 3444 1897 3499 5.
1922 3444 2143 3515 Sapienti
2157 3483 2173 3510 ‚
2190 3442 2525 3515 intelligenti.
2546 3473 2626 3485 —
2645 3442 2748 3494 Or-

1723 3538 1895 3590 natus,
1923 3525 2039 3578 scil.
2069 3544 2222 3578 urna.
2253 3523 2338 3578 Sc.
2369 3543 2418 3589 1,
2444 3541 2527 3577 vs.
2555 3529 2608 3586 4.

1813 3609 1902 3658 16.
1941 3605 2082 3674 Quid
2115 3606 2276 3657 velim.
2311 3603 2458 3657 Nihil
2497 3602 2740 3674 profecto

1723 3683 1984 3754 pudicum
2007 3685 2296 3754 Sceparnio
2325 3703 2380 3736 se
2414 3683 2550 3735 velle
2581 3679 2746 3733 modo

1727 3764 2065 3835 significavit.
2100 3765 2236 3829 Quis
2261 3765 2331 3816 sit
2367 3765 2458 3815 ille
2490 3778 2635 3814 nunc
2661 3778 2750 3813 or-

1729 3856 1887 3897 natus
1921 3861 2084 3914 quem
2109 3856 2401 3909 monstret,
2443 3841 2590 3912 piget
2609 3839 2749 3893 divi-

1722 3940 1867 3976 nare.
1897 3924 1968 3976 N.
2356 3985 2370 3997 ‚

1811 4006 1902 4056 18.
1937 4003 2206 4064 Basilicus,
2245 4001 2590 4071 magnificus,
2631 4011 2686 4051 et
2717 4016 2748 4050 a

1723 4100 1834 4153 quo
1855 4083 1989 4135 nihil
2008 4083 2231 4148 auferas,
2242 4081 2344 4133 nisi
2360 4082 2446 4132 vel
2463 4097 2562 4151 per
2580 4079 2746 4130 inter·

1723 4175 1962 4234 pretem,
1987 4163 2072 4240 yel
2098 4160 2327 4234 supplici
2341 4161 2546 4214 habitu.
2563 4158 2746 4212 Gnn‘r.
