<?xml version="1.0" encoding="UTF-8"?>
<!DOCTYPE html PUBLIC "-//W3C//DTD XHTML 1.0 Transitional//EN"
    "http://www.w3.org/TR/xhtml1/DTD/xhtml1-transitional.dtd">
<html xmlns="http://www.w3.org/1999/xhtml" xml:lang="en" lang="en">
 <head>
  <title>
</title>
<meta http-equiv="Content-Type" content="text/html;charset=utf-8" />
  <meta name='ocr-system' content='tesseract 3.04.00' />
  <meta name='ocr-capabilities' content='ocr_page ocr_carea ocr_par ocr_line ocrx_word'/>
</head>
<body>
  <div class='ocr_page' id='page_1' title='image "./macciiplauticom00naudgoog_0257.png"; bbox 0 0 3067 5017; ppageno 0'>
   <div class='ocr_carea' id='block_1_1' title="bbox 805 364 2451 472">
    <p class='ocr_par' dir='ltr' id='par_1_1' title="bbox 805 364 2451 472">
     <span class='ocr_line' id='line_1_1' title="bbox 805 364 2451 472; baseline 0.01 -41"><span class='ocrx_word' id='word_1_1' title='bbox 805 364 1146 433; x_wconf 86' lang='lat' dir='ltr'><strong>ACTUS</strong></span> <span class='ocrx_word' id='word_1_2' title='bbox 1191 366 1362 450; x_wconf 90' lang='lat'>111,</span> <span class='ocrx_word' id='word_1_3' title='bbox 1413 364 1757 437; x_wconf 79' lang='lat' dir='ltr'><strong>SCENA</strong></span> <span class='ocrx_word' id='word_1_4' title='bbox 1806 368 1963 435; x_wconf 92' lang='lat'>111.</span> <span class='ocrx_word' id='word_1_5' title='bbox 2312 373 2451 472; x_wconf 73' lang='lat'>247</span> 
     </span>
    </p>
   </div>
   <div class='ocr_carea' id='block_1_2' title="bbox 257 476 2480 4040">
    <p class='ocr_par' dir='ltr' id='par_1_2' title="bbox 290 476 1869 581">
     <span class='ocr_line' id='line_1_2' title="bbox 290 476 1869 581; baseline 0.003 -28"><span class='ocrx_word' id='word_1_6' title='bbox 290 484 428 574; x_wconf 87' lang='lat' dir='ltr'>Qui</span> <span class='ocrx_word' id='word_1_7' title='bbox 462 483 786 556; x_wconf 86' lang='lat' dir='ltr'>scelestus</span> <span class='ocrx_word' id='word_1_8' title='bbox 819 484 1234 555; x_wconf 87' lang='lat' dir='ltr'>sacerdotem</span> <span class='ocrx_word' id='word_1_9' title='bbox 1265 476 1470 557; x_wconf 79' lang='lat' dir='ltr'>auum</span> <span class='ocrx_word' id='word_1_10' title='bbox 1511 488 1869 581; x_wconf 86' lang='lat' dir='ltr'>praecipem</span> 
     </span>
    </p>

    <p class='ocr_par' dir='ltr' id='par_1_3' title="bbox 291 594 1979 692">
     <span class='ocr_line' id='line_1_3' title="bbox 291 594 1979 692; baseline 0.002 -29"><span class='ocrx_word' id='word_1_11' title='bbox 291 594 610 690; x_wconf 84' lang='lat' dir='ltr'>Repulit,</span> <span class='ocrx_word' id='word_1_12' title='bbox 652 594 989 689; x_wconf 86' lang='lat' dir='ltr'>propulit,</span> <span class='ocrx_word' id='word_1_13' title='bbox 1023 621 1350 692; x_wconf 85' lang='lat' dir='ltr'>perquam</span> <span class='ocrx_word' id='word_1_14' title='bbox 1393 596 1687 691; x_wconf 85' lang='lat' dir='ltr'>indignis</span> <span class='ocrx_word' id='word_1_15' title='bbox 1724 598 1979 685; x_wconf 90' lang='lat' dir='ltr'>modis,</span> 
     </span>
    </p>

    <p class='ocr_par' dir='ltr' id='par_1_4' title="bbox 292 708 2449 803">
     <span class='ocr_line' id='line_1_4' title="bbox 292 708 2449 803; baseline 0.003 -28"><span class='ocrx_word' id='word_1_16' title='bbox 292 708 570 799; x_wconf 87' lang='lat' dir='ltr'><strong>Nosque</strong></span> <span class='ocrx_word' id='word_1_17' title='bbox 609 708 696 775; x_wconf 87' lang='lat' dir='ltr'>ab</span> <span class='ocrx_word' id='word_1_18' title='bbox 737 708 932 801; x_wconf 86' lang='lat' dir='ltr'>signo</span> <span class='ocrx_word' id='word_1_19' title='bbox 969 709 1213 777; x_wconf 87' lang='lat' dir='ltr'>intimo</span> <span class='ocrx_word' id='word_1_20' title='bbox 1257 708 1323 775; x_wconf 86' lang='lat' dir='ltr'>vi</span> <span class='ocrx_word' id='word_1_21' title='bbox 1358 708 1657 803; x_wconf 85' lang='lat' dir='ltr'>deripuit</span> <span class='ocrx_word' id='word_1_22' title='bbox 1690 734 1827 781; x_wconf 85' lang='lat' dir='ltr'>sua.</span> <span class='ocrx_word' id='word_1_23' title='bbox 1912 762 1921 771; x_wconf 81' lang='lat'><em>-</em></span> <span class='ocrx_word' id='word_1_24' title='bbox 2399 752 2449 781; x_wconf 75' lang='grc' dir='ltr'>ι.</span> 
     </span>
    </p>

    <p class='ocr_par' dir='ltr' id='par_1_5' title="bbox 291 816 2169 912">
     <span class='ocr_line' id='line_1_5' title="bbox 291 816 2169 912; baseline 0.002 -27"><span class='ocrx_word' id='word_1_25' title='bbox 291 816 420 885; x_wconf 87' lang='lat' dir='ltr'>Sed</span> <span class='ocrx_word' id='word_1_26' title='bbox 457 824 686 904; x_wconf 77' lang='lat' dir='ltr'>nune,</span> <span class='ocrx_word' id='word_1_27' title='bbox 725 841 868 887; x_wconf 86' lang='lat' dir='ltr'>sese</span> <span class='ocrx_word' id='word_1_28' title='bbox 904 832 982 887; x_wconf 92' lang='lat' dir='ltr'>ut</span> <span class='ocrx_word' id='word_1_29' title='bbox 1016 817 1243 893; x_wconf 82' lang='lat' dir='ltr'>ferunt</span> <span class='ocrx_word' id='word_1_30' title='bbox 1279 842 1382 887; x_wconf 88' lang='lat' dir='ltr'>res</span> <span class='ocrx_word' id='word_1_31' title='bbox 1427 817 1848 912; x_wconf 76' lang='lat' dir='ltr'><strong>fortunaeque</strong></span> <span class='ocrx_word' id='word_1_32' title='bbox 1891 834 2169 911; x_wconf 82' lang='lat' dir='ltr'>nostrae,</span> 
     </span>
    </p>

    <p class='ocr_par' dir='ltr' id='par_1_6' title="bbox 290 927 2143 1023">
     <span class='ocr_line' id='line_1_6' title="bbox 290 927 2143 1023; baseline 0.002 -28"><span class='ocrx_word' id='word_1_33' title='bbox 290 930 420 999; x_wconf 84' lang='lat' dir='ltr'>Par</span> <span class='ocrx_word' id='word_1_34' title='bbox 451 943 552 996; x_wconf 83' lang='lat' dir='ltr'>est</span> <span class='ocrx_word' id='word_1_35' title='bbox 586 929 822 1000; x_wconf 83' lang='lat' dir='ltr'>moriri</span> <span class='ocrx_word' id='word_1_36' title='bbox 851 954 868 996; x_wconf 71' lang='grc' dir='ltr'>ε</span> <span class='ocrx_word' id='word_1_37' title='bbox 900 952 1116 1023; x_wconf 89' lang='lat' dir='ltr'>neque</span> <span class='ocrx_word' id='word_1_38' title='bbox 1143 942 1244 999; x_wconf 86' lang='lat' dir='ltr'>est</span> <span class='ocrx_word' id='word_1_39' title='bbox 1279 927 1518 997; x_wconf 86' lang='lat' dir='ltr'>melius</span> <span class='ocrx_word' id='word_1_40' title='bbox 1547 944 1797 1012; x_wconf 87' lang='lat' dir='ltr'>morte,</span> <span class='ocrx_word' id='word_1_41' title='bbox 1843 930 1917 998; x_wconf 89' lang='lat' dir='ltr'>in</span> <span class='ocrx_word' id='word_1_42' title='bbox 1950 928 2143 999; x_wconf 88' lang='lat' dir='ltr'>malis</span> 
     </span>
    </p>

    <p class='ocr_par' dir='ltr' id='par_1_7' title="bbox 287 1037 2332 1132">
     <span class='ocr_line' id='line_1_7' title="bbox 287 1037 2332 1132; baseline 0.003 -27"><span class='ocrx_word' id='word_1_43' title='bbox 287 1038 555 1125; x_wconf 79' lang='lat' dir='ltr'>RebuS‚</span> <span class='ocrx_word' id='word_1_44' title='bbox 582 1038 864 1108; x_wconf 80' lang='lat' dir='ltr'>miseris,</span> <span class='ocrx_word' id='word_1_45' title='bbox 906 1061 1171 1108; x_wconf 52' lang='lat' dir='ltr'>Tuaen.</span> <span class='ocrx_word' id='word_1_46' title='bbox 1205 1038 1396 1127; x_wconf 87' lang='lat' dir='ltr'>Quid</span> <span class='ocrx_word' id='word_1_47' title='bbox 1427 1039 1573 1111; x_wconf 82' lang='lat' dir='ltr'>est?</span> <span class='ocrx_word' id='word_1_48' title='bbox 1604 1063 1751 1132; x_wconf 84' lang='lat' dir='ltr'>quae</span> <span class='ocrx_word' id='word_1_49' title='bbox 1784 1037 1954 1107; x_wconf 82' lang='lat' dir='ltr'>illaec</span> <span class='ocrx_word' id='word_1_50' title='bbox 1982 1038 2332 1111; x_wconf 81' lang='lat' dir='ltr'>oratio’st?</span> 
     </span>
    </p>

    <p class='ocr_par' dir='ltr' id='par_1_8' title="bbox 289 1146 2442 1242">
     <span class='ocr_line' id='line_1_8' title="bbox 289 1146 2442 1242; baseline 0.001 -20"><span class='ocrx_word' id='word_1_51' title='bbox 289 1150 492 1222; x_wconf 84' lang='lat' dir='ltr'>Cesso</span> <span class='ocrx_word' id='word_1_52' title='bbox 531 1173 658 1242; x_wconf 84' lang='lat' dir='ltr'>ego</span> <span class='ocrx_word' id='word_1_53' title='bbox 686 1148 808 1217; x_wconf 87' lang='lat' dir='ltr'>has</span> <span class='ocrx_word' id='word_1_54' title='bbox 835 1146 1214 1218; x_wconf 82' lang='lat' dir='ltr'>consolari?</span> <span class='ocrx_word' id='word_1_55' title='bbox 1241 1150 1440 1237; x_wconf 80' lang='lat' dir='ltr'>heuS,</span> <span class='ocrx_word' id='word_1_56' title='bbox 1467 1146 1818 1221; x_wconf 80' lang='lat' dir='ltr'>Palaestra!</span> <span class='ocrx_word' id='word_1_57' title='bbox 1848 1174 2009 1224; x_wconf 74' lang='grc' dir='ltr'><strong>ΡΑΙ..</strong></span> <span class='ocrx_word' id='word_1_58' title='bbox 2040 1152 2181 1241; x_wconf 88' lang='lat' dir='ltr'>Qui</span> <span class='ocrx_word' id='word_1_59' title='bbox 2209 1154 2442 1225; x_wconf 82' lang='lat' dir='ltr'>vocat?</span> 
     </span>
    </p>

    <p class='ocr_par' dir='ltr' id='par_1_9' title="bbox 281 1256 2441 1356">
     <span class='ocr_line' id='line_1_9' title="bbox 281 1256 2441 1356; baseline 0.004 -29"><span class='ocrx_word' id='word_1_60' title='bbox 281 1280 543 1328; x_wconf 68' lang='lat' dir='ltr'><strong>TnAcH.</strong></span> <span class='ocrx_word' id='word_1_61' title='bbox 559 1262 744 1327; x_wconf 83' lang='lat' dir='ltr'><strong>Heus</strong></span> <span class='ocrx_word' id='word_1_62' title='bbox 761 1313 781 1344; x_wconf 89' lang='lat'>‚</span> <span class='ocrx_word' id='word_1_63' title='bbox 798 1258 1173 1354; x_wconf 84' lang='lat' dir='ltr'>Ampelisca</span> <span class='ocrx_word' id='word_1_64' title='bbox 1193 1256 1206 1329; x_wconf 73' lang='grc' dir='ltr'><strong>Ξ</strong></span> <span class='ocrx_word' id='word_1_65' title='bbox 1231 1284 1406 1331; x_wconf 71' lang='lat' dir='ltr'>Aur.</span> <span class='ocrx_word' id='word_1_66' title='bbox 1425 1260 1756 1348; x_wconf 85' lang='lat' dir='ltr'>Obsecro,</span> <span class='ocrx_word' id='word_1_67' title='bbox 1784 1262 1935 1355; x_wconf 88' lang='lat' dir='ltr'>quis</span> <span class='ocrx_word' id='word_1_68' title='bbox 1950 1276 2049 1330; x_wconf 88' lang='lat' dir='ltr'>est</span> <span class='ocrx_word' id='word_1_69' title='bbox 2063 1263 2176 1356; x_wconf 88' lang='lat' dir='ltr'>qui</span> <span class='ocrx_word' id='word_1_70' title='bbox 2203 1262 2441 1337; x_wconf 81' lang='lat' dir='ltr'>vocat?</span> 
     </span>
    </p>

    <p class='ocr_par' dir='ltr' id='par_1_10' title="bbox 283 1367 2439 1465">
     <span class='ocr_line' id='line_1_10' title="bbox 283 1367 2439 1465; baseline 0.004 -30"><span class='ocrx_word' id='word_1_71' title='bbox 283 1390 436 1437; x_wconf 71' lang='lat' dir='ltr'><strong>PAL.</strong></span> <span class='ocrx_word' id='word_1_72' title='bbox 473 1367 647 1456; x_wconf 89' lang='lat' dir='ltr'>Quis</span> <span class='ocrx_word' id='word_1_73' title='bbox 670 1368 725 1437; x_wconf 89' lang='lat' dir='ltr'>is</span> <span class='ocrx_word' id='word_1_74' title='bbox 743 1382 876 1455; x_wconf 87' lang='lat' dir='ltr'>est,</span> <span class='ocrx_word' id='word_1_75' title='bbox 901 1370 1020 1461; x_wconf 90' lang='lat' dir='ltr'>qui</span> <span class='ocrx_word' id='word_1_76' title='bbox 1045 1370 1386 1445; x_wconf 84' lang='lat' dir='ltr'>nominat?</span> <span class='ocrx_word' id='word_1_77' title='bbox 1415 1394 1679 1446; x_wconf 74' lang='lat' dir='ltr'>TRAcu.</span> <span class='ocrx_word' id='word_1_78' title='bbox 1707 1370 1779 1439; x_wconf 90' lang='lat' dir='ltr'>Si</span> <span class='ocrx_word' id='word_1_79' title='bbox 1802 1372 2134 1465; x_wconf 81' lang='lat' dir='ltr'>respexiS,</span> <span class='ocrx_word' id='word_1_80' title='bbox 2165 1373 2352 1443; x_wconf 73' lang='lat' dir='ltr'>scies·</span> <span class='ocrx_word' id='word_1_81' title='bbox 2386 1394 2439 1434; x_wconf 71' lang='grc' dir='ltr'>ιδ</span> 
     </span>
    </p>

    <p class='ocr_par' dir='ltr' id='par_1_11' title="bbox 283 1476 2432 1573">
     <span class='ocr_line' id='line_1_11' title="bbox 283 1476 2432 1573; baseline 0.003 -27"><span class='ocrx_word' id='word_1_82' title='bbox 283 1500 440 1547; x_wconf 70' lang='grc' dir='ltr'><strong>ΡΜ..</strong></span> <span class='ocrx_word' id='word_1_83' title='bbox 471 1481 536 1547; x_wconf 90' lang='grc' dir='ltr'><strong>Ο</strong></span> <span class='ocrx_word' id='word_1_84' title='bbox 565 1476 796 1547; x_wconf 89' lang='lat' dir='ltr'>salutis</span> <span class='ocrx_word' id='word_1_85' title='bbox 825 1504 989 1555; x_wconf 79' lang='lat' dir='ltr'>meae</span> <span class='ocrx_word' id='word_1_86' title='bbox 1013 1476 1204 1573; x_wconf 77' lang='lat' dir='ltr'>spes!</span> <span class='ocrx_word' id='word_1_87' title='bbox 1246 1504 1519 1561; x_wconf 58' lang='lat' dir='ltr'>Tuaen.</span> <span class='ocrx_word' id='word_1_88' title='bbox 1546 1485 1751 1566; x_wconf 81' lang='lat' dir='ltr'>Tace,</span> <span class='ocrx_word' id='word_1_89' title='bbox 1776 1505 1855 1549; x_wconf 90' lang='lat' dir='ltr'>ae</span> <span class='ocrx_word' id='word_1_90' title='bbox 1882 1481 2065 1554; x_wconf 88' lang='lat' dir='ltr'>bono</span> <span class='ocrx_word' id='word_1_91' title='bbox 2090 1481 2317 1551; x_wconf 86' lang='lat' dir='ltr'>animo</span> <span class='ocrx_word' id='word_1_92' title='bbox 2342 1506 2432 1553; x_wconf 83' lang='lat' dir='ltr'>es.</span> 
     </span>
    </p>

    <p class='ocr_par' dir='ltr' id='par_1_12' title="bbox 280 1588 2139 1687">
     <span class='ocr_line' id='line_1_12' title="bbox 280 1588 2139 1687; baseline 0 -26"><span class='ocrx_word' id='word_1_93' title='bbox 280 1592 392 1661; x_wconf 89' lang='lat' dir='ltr'>Me</span> <span class='ocrx_word' id='word_1_94' title='bbox 420 1588 600 1661; x_wconf 88' lang='lat' dir='ltr'>vide.</span> <span class='ocrx_word' id='word_1_95' title='bbox 643 1612 803 1661; x_wconf 68' lang='grc' dir='ltr'><strong>ΡΜ..</strong></span> <span class='ocrx_word' id='word_1_96' title='bbox 836 1592 906 1659; x_wconf 91' lang='lat' dir='ltr'>Si</span> <span class='ocrx_word' id='word_1_97' title='bbox 936 1590 1138 1661; x_wconf 89' lang='lat' dir='ltr'>modo</span> <span class='ocrx_word' id='word_1_98' title='bbox 1164 1590 1238 1661; x_wconf 81' lang='lat' dir='ltr'>id</span> <span class='ocrx_word' id='word_1_99' title='bbox 1265 1589 1492 1681; x_wconf 85' lang='lat' dir='ltr'>liceat,</span> <span class='ocrx_word' id='word_1_100' title='bbox 1521 1592 1621 1661; x_wconf 85' lang='lat' dir='ltr'>vis</span> <span class='ocrx_word' id='word_1_101' title='bbox 1650 1616 1737 1664; x_wconf 88' lang='lat' dir='ltr'>ne</span> <span class='ocrx_word' id='word_1_102' title='bbox 1765 1591 2139 1687; x_wconf 86' lang='lat' dir='ltr'>obprimat:</span> 
     </span>
    </p>

    <p class='ocr_par' dir='ltr' id='par_1_13' title="bbox 283 1700 2431 1908">
     <span class='ocr_line' id='line_1_13' title="bbox 283 1700 2431 1799; baseline 0.002 -31"><span class='ocrx_word' id='word_1_103' title='bbox 283 1700 452 1790; x_wconf 83' lang='lat' dir='ltr'>Quae</span> <span class='ocrx_word' id='word_1_104' title='bbox 480 1701 584 1769; x_wconf 84' lang='lat' dir='ltr'>vis</span> <span class='ocrx_word' id='word_1_105' title='bbox 611 1754 632 1786; x_wconf 85' lang='lat'>‚</span> <span class='ocrx_word' id='word_1_106' title='bbox 658 1702 794 1775; x_wconf 74' lang='lat' dir='ltr'>vim</span> <span class='ocrx_word' id='word_1_107' title='bbox 823 1702 993 1779; x_wconf 83' lang='lat' dir='ltr'>mihi</span> <span class='ocrx_word' id='word_1_108' title='bbox 1019 1701 1320 1771; x_wconf 88' lang='lat' dir='ltr'>adferam</span> <span class='ocrx_word' id='word_1_109' title='bbox 1354 1704 1533 1797; x_wconf 88' lang='lat' dir='ltr'>ipsa,</span> <span class='ocrx_word' id='word_1_110' title='bbox 1566 1703 1805 1799; x_wconf 81' lang='lat' dir='ltr'>adigit.</span> <span class='ocrx_word' id='word_1_111' title='bbox 1854 1726 2117 1775; x_wconf 51' lang='lat' dir='ltr'>Tuaen.</span> <span class='ocrx_word' id='word_1_112' title='bbox 2146 1702 2286 1793; x_wconf 84' lang='lat' dir='ltr'>Ah,</span> <span class='ocrx_word' id='word_1_113' title='bbox 2312 1702 2431 1773; x_wconf 92' lang='lat' dir='ltr'>de-</span> 
     </span>
     <span class='ocr_line' id='line_1_14' title="bbox 570 1812 1406 1908; baseline -0.005 -21"><span class='ocrx_word' id='word_1_114' title='bbox 570 1812 716 1887; x_wconf 76' lang='lat' dir='ltr'>sine</span> <span class='ocrx_word' id='word_1_115' title='bbox 751 1837 767 1883; x_wconf 71' lang='grc' dir='ltr'><strong>ε</strong></span> <span class='ocrx_word' id='word_1_116' title='bbox 806 1813 1008 1888; x_wconf 78' lang='lat' dir='ltr'>nimis</span> <span class='ocrx_word' id='word_1_117' title='bbox 1047 1814 1279 1908; x_wconf 86' lang='lat' dir='ltr'>inepta</span> <span class='ocrx_word' id='word_1_118' title='bbox 1315 1838 1406 1885; x_wconf 79' lang='lat' dir='ltr'>es.</span> 
     </span>
    </p>

    <p class='ocr_par' dir='ltr' id='par_1_14' title="bbox 278 1913 2429 2019">
     <span class='ocr_line' id='line_1_15' title="bbox 278 1913 2429 2019; baseline 0.001 -28"><span class='ocrx_word' id='word_1_119' title='bbox 278 1944 452 1993; x_wconf 70' lang='lat' dir='ltr'>Aur.</span> <span class='ocrx_word' id='word_1_120' title='bbox 486 1921 754 1994; x_wconf 83' lang='lat' dir='ltr'>Desiste</span> <span class='ocrx_word' id='word_1_121' title='bbox 789 1922 986 1996; x_wconf 83' lang='lat' dir='ltr'>dictis</span> <span class='ocrx_word' id='word_1_122' title='bbox 1023 1949 1208 1995; x_wconf 86' lang='lat' dir='ltr'>nune</span> <span class='ocrx_word' id='word_1_123' title='bbox 1237 1913 1380 2019; x_wconf 83' lang='lat' dir='ltr'>jam</span> <span class='ocrx_word' id='word_1_124' title='bbox 1416 1926 1729 1996; x_wconf 85' lang='lat' dir='ltr'>miseram</span> <span class='ocrx_word' id='word_1_125' title='bbox 1768 1949 1877 1995; x_wconf 88' lang='lat' dir='ltr'>me</span> <span class='ocrx_word' id='word_1_126' title='bbox 1918 1924 2272 1995; x_wconf 86' lang='lat' dir='ltr'>consolari.</span> <span class='ocrx_word' id='word_1_127' title='bbox 2379 1954 2429 1981; x_wconf 72' lang='lat' dir='ltr'>a·</span> 
     </span>
    </p>

    <p class='ocr_par' dir='ltr' id='par_1_15' title="bbox 277 2032 2433 2219">
     <span class='ocr_line' id='line_1_16' title="bbox 277 2032 2433 2129; baseline 0 -28"><span class='ocrx_word' id='word_1_128' title='bbox 277 2054 434 2101; x_wconf 68' lang='lat' dir='ltr'>ut..</span> <span class='ocrx_word' id='word_1_129' title='bbox 497 2032 653 2104; x_wconf 74' lang='lat' dir='ltr'>Nisi</span> <span class='ocrx_word' id='word_1_130' title='bbox 704 2032 872 2127; x_wconf 89' lang='lat' dir='ltr'>quid</span> <span class='ocrx_word' id='word_1_131' title='bbox 922 2058 997 2102; x_wconf 86' lang='lat' dir='ltr'>re</span> <span class='ocrx_word' id='word_1_132' title='bbox 1043 2035 1429 2128; x_wconf 79' lang='lat' dir='ltr'>praesidium</span> <span class='ocrx_word' id='word_1_133' title='bbox 1469 2034 1753 2129; x_wconf 84' lang='lat' dir='ltr'>adparas</span> <span class='ocrx_word' id='word_1_134' title='bbox 1772 2088 1793 2121; x_wconf 85' lang='lat'>‚</span> <span class='ocrx_word' id='word_1_135' title='bbox 1833 2033 2224 2121; x_wconf 88' lang='lat' dir='ltr'>Trachalio,</span> <span class='ocrx_word' id='word_1_136' title='bbox 2285 2044 2433 2103; x_wconf 86' lang='lat' dir='ltr'>aeta</span> 
     </span>
     <span class='ocr_line' id='line_1_17' title="bbox 566 2142 1022 2219; baseline 0.002 -8"><span class='ocrx_word' id='word_1_137' title='bbox 566 2142 710 2219; x_wconf 78' lang='lat' dir='ltr'>haee</span> <span class='ocrx_word' id='word_1_138' title='bbox 747 2168 850 2213; x_wconf 83' lang='lat' dir='ltr'>res</span> <span class='ocrx_word' id='word_1_139' title='bbox 887 2158 1022 2215; x_wconf 86' lang='lat' dir='ltr'>est:</span> 
     </span>
    </p>

    <p class='ocr_par' dir='ltr' id='par_1_16' title="bbox 273 2252 2420 2350">
     <span class='ocr_line' id='line_1_18' title="bbox 273 2252 2420 2350; baseline -0.001 -29"><span class='ocrx_word' id='word_1_140' title='bbox 273 2253 554 2322; x_wconf 88' lang='lat' dir='ltr'>Certum</span> <span class='ocrx_word' id='word_1_141' title='bbox 573 2252 652 2321; x_wconf 89' lang='lat' dir='ltr'>&#39;st</span> <span class='ocrx_word' id='word_1_142' title='bbox 671 2254 930 2342; x_wconf 88' lang='lat' dir='ltr'>moriri,</span> <span class='ocrx_word' id='word_1_143' title='bbox 944 2278 1144 2347; x_wconf 89' lang='lat' dir='ltr'>quam</span> <span class='ocrx_word' id='word_1_144' title='bbox 1163 2255 1348 2325; x_wconf 87' lang='lat' dir='ltr'>hunc</span> <span class='ocrx_word' id='word_1_145' title='bbox 1373 2254 1514 2349; x_wconf 84' lang='lat' dir='ltr'>pati</span> <span class='ocrx_word' id='word_1_146' title='bbox 1535 2255 1819 2350; x_wconf 84' lang='lat' dir='ltr'>grassari</span> <span class='ocrx_word' id='word_1_147' title='bbox 1848 2253 2161 2331; x_wconf 86' lang='lat' dir='ltr'>lenonem</span> <span class='ocrx_word' id='word_1_148' title='bbox 2184 2254 2254 2323; x_wconf 91' lang='lat' dir='ltr'>in</span> <span class='ocrx_word' id='word_1_149' title='bbox 2283 2277 2420 2321; x_wconf 90' lang='lat' dir='ltr'>me:</span> 
     </span>
    </p>

    <p class='ocr_par' dir='ltr' id='par_1_17' title="bbox 273 2362 2428 2541">
     <span class='ocr_line' id='line_1_19' title="bbox 273 2362 2428 2443; baseline -0.001 -8"><span class='ocrx_word' id='word_1_150' title='bbox 273 2362 402 2435; x_wconf 75' lang='lat' dir='ltr'>Sed</span> <span class='ocrx_word' id='word_1_151' title='bbox 452 2362 772 2437; x_wconf 85' lang='lat' dir='ltr'>muliebri</span> <span class='ocrx_word' id='word_1_152' title='bbox 821 2365 1049 2436; x_wconf 86' lang='lat' dir='ltr'>animo</span> <span class='ocrx_word' id='word_1_153' title='bbox 1093 2390 1244 2443; x_wconf 81' lang='lat' dir='ltr'>sum</span> <span class='ocrx_word' id='word_1_154' title='bbox 1293 2381 1516 2437; x_wconf 86' lang='lat' dir='ltr'>tamen</span> <span class='ocrx_word' id='word_1_155' title='bbox 1562 2391 1578 2436; x_wconf 73' lang='grc' dir='ltr'><strong><em>ε</em></strong></span> <span class='ocrx_word' id='word_1_156' title='bbox 1632 2367 1889 2436; x_wconf 84' lang='lat' dir='ltr'>miserae</span> <span class='ocrx_word' id='word_1_157' title='bbox 1949 2365 2071 2434; x_wconf 85' lang='lat' dir='ltr'>ubi</span> <span class='ocrx_word' id='word_1_158' title='bbox 2119 2364 2302 2435; x_wconf 79' lang='lat' dir='ltr'>venit</span> <span class='ocrx_word' id='word_1_159' title='bbox 2356 2364 2428 2433; x_wconf 85' lang='lat' dir='ltr'>in</span> 
     </span>
     <span class='ocr_line' id='line_1_20' title="bbox 567 2483 862 2541; baseline 0.003 -1"><span class='ocrx_word' id='word_1_160' title='bbox 567 2483 862 2541; x_wconf 81' lang='lat' dir='ltr'>mentem</span> 
     </span>
    </p>

    <p class='ocr_par' dir='ltr' id='par_1_18' title="bbox 265 2582 2424 2782">
     <span class='ocr_line' id='line_1_21' title="bbox 265 2582 2424 2680; baseline -0.001 -25"><span class='ocrx_word' id='word_1_161' title='bbox 265 2582 463 2671; x_wconf 86' lang='lat' dir='ltr'>Mihi,</span> <span class='ocrx_word' id='word_1_162' title='bbox 501 2583 742 2657; x_wconf 82' lang='lat' dir='ltr'>mortis</span> <span class='ocrx_word' id='word_1_163' title='bbox 771 2598 992 2658; x_wconf 82' lang='lat' dir='ltr'>metus</span> <span class='ocrx_word' id='word_1_164' title='bbox 1018 2586 1316 2665; x_wconf 82' lang='lat' dir='ltr'>membra</span> <span class='ocrx_word' id='word_1_165' title='bbox 1341 2586 1673 2680; x_wconf 85' lang='lat' dir='ltr'>obcupat‚</span> <span class='ocrx_word' id='word_1_166' title='bbox 1696 2583 1955 2679; x_wconf 87' lang='lat' dir='ltr'>edepol.</span> <span class='ocrx_word' id='word_1_167' title='bbox 1979 2608 2247 2655; x_wconf 65' lang='lat' dir='ltr'>Tmen.</span> <span class='ocrx_word' id='word_1_168' title='bbox 2278 2585 2424 2679; x_wconf 85' lang='lat' dir='ltr'>Etsi</span> 
     </span>
     <span class='ocr_line' id='line_1_22' title="bbox 559 2691 1078 2782; baseline 0.006 -22"><span class='ocrx_word' id='word_1_169' title='bbox 559 2691 692 2761; x_wconf 89' lang='lat' dir='ltr'>hoe</span> <span class='ocrx_word' id='word_1_170' title='bbox 729 2694 1078 2782; x_wconf 85' lang='lat' dir='ltr'>acerbum,</span> 
     </span>
    </p>

    <p class='ocr_par' dir='ltr' id='par_1_19' title="bbox 265 2800 2480 2987">
     <span class='ocr_line' id='line_1_23' title="bbox 265 2800 2480 2889; baseline -0.002 -16"><span class='ocrx_word' id='word_1_171' title='bbox 265 2804 532 2880; x_wconf 81' lang='lat' dir='ltr'>Bonum</span> <span class='ocrx_word' id='word_1_172' title='bbox 555 2804 856 2872; x_wconf 86' lang='lat' dir='ltr'>animum</span> <span class='ocrx_word' id='word_1_173' title='bbox 887 2803 1152 2878; x_wconf 83' lang='lat' dir='ltr'>habete.</span> <span class='ocrx_word' id='word_1_174' title='bbox 1185 2828 1344 2875; x_wconf 66' lang='grc' dir='ltr'><strong>ΡΜ..</strong></span> <span class='ocrx_word' id='word_1_175' title='bbox 1369 2806 1549 2875; x_wconf 86' lang='lat' dir='ltr'>Nam</span> <span class='ocrx_word' id='word_1_176' title='bbox 1566 2856 1585 2889; x_wconf 94' lang='lat'>‚</span> <span class='ocrx_word' id='word_1_177' title='bbox 1612 2805 1891 2873; x_wconf 87' lang='lat' dir='ltr'>obsecro</span> <span class='ocrx_word' id='word_1_178' title='bbox 1911 2854 1931 2889; x_wconf 88' lang='lat'>‚</span> <span class='ocrx_word' id='word_1_179' title='bbox 1957 2800 2135 2871; x_wconf 87' lang='lat' dir='ltr'>unde</span> <span class='ocrx_word' id='word_1_180' title='bbox 2158 2801 2423 2875; x_wconf 83' lang='lat' dir='ltr'>animus</span> <span class='ocrx_word' id='word_1_181' title='bbox 2470 2824 2480 2846; x_wconf 79' lang='lat'>’</span> 
     </span>
     <span class='ocr_line' id='line_1_24' title="bbox 557 2914 2421 2987; baseline 0.007 -4"><span class='ocrx_word' id='word_1_182' title='bbox 557 2914 726 2985; x_wconf 85' lang='lat' dir='ltr'>mihi</span> <span class='ocrx_word' id='word_1_183' title='bbox 763 2916 1151 2987; x_wconf 81' lang='lat' dir='ltr'>invenitur?</span> <span class='ocrx_word' id='word_1_184' title='bbox 2372 2932 2421 2971; x_wconf 75' lang='lat'>²5</span> 
     </span>
    </p>

    <p class='ocr_par' dir='ltr' id='par_1_20' title="bbox 261 3023 2413 3229">
     <span class='ocr_line' id='line_1_25' title="bbox 261 3023 2413 3122; baseline 0 -29"><span class='ocrx_word' id='word_1_185' title='bbox 261 3048 520 3095; x_wconf 63' lang='lat' dir='ltr'>Tuaen.</span> <span class='ocrx_word' id='word_1_186' title='bbox 549 3028 690 3112; x_wconf 85' lang='lat' dir='ltr'>Ne,</span> <span class='ocrx_word' id='word_1_187' title='bbox 733 3026 1050 3122; x_wconf 85' lang='lat' dir='ltr'>inquam,</span> <span class='ocrx_word' id='word_1_188' title='bbox 1095 3028 1370 3095; x_wconf 84' lang='lat' dir='ltr'>timete:</span> <span class='ocrx_word' id='word_1_189' title='bbox 1407 3024 1694 3095; x_wconf 82' lang='lat' dir='ltr'>adsidite</span> <span class='ocrx_word' id='word_1_190' title='bbox 1734 3024 1883 3093; x_wconf 90' lang='lat' dir='ltr'>heic</span> <span class='ocrx_word' id='word_1_191' title='bbox 1936 3023 2005 3091; x_wconf 82' lang='lat' dir='ltr'>in</span> <span class='ocrx_word' id='word_1_192' title='bbox 2050 3047 2188 3091; x_wconf 86' lang='lat' dir='ltr'>ara.</span> <span class='ocrx_word' id='word_1_193' title='bbox 2234 3046 2413 3093; x_wconf 71' lang='grc' dir='ltr'><strong>ΛΜΡ.</strong></span> 
     </span>
     <span class='ocr_line' id='line_1_26' title="bbox 557 3130 1595 3229; baseline 0.003 -26"><span class='ocrx_word' id='word_1_194' title='bbox 557 3138 748 3207; x_wconf 86' lang='lat' dir='ltr'>Istaec</span> <span class='ocrx_word' id='word_1_195' title='bbox 773 3135 940 3229; x_wconf 90' lang='lat' dir='ltr'>quid</span> <span class='ocrx_word' id='word_1_196' title='bbox 983 3162 1098 3205; x_wconf 86' lang='lat' dir='ltr'>ara</span> <span class='ocrx_word' id='word_1_197' title='bbox 1591 3130 1595 3137; x_wconf 70' lang='grc'><strong>’</strong></span> 
     </span>
    </p>

    <p class='ocr_par' dir='ltr' id='par_1_21' title="bbox 261 3242 2418 3423">
     <span class='ocr_line' id='line_1_27' title="bbox 261 3242 2418 3341; baseline 0 -29"><span class='ocrx_word' id='word_1_198' title='bbox 261 3244 584 3313; x_wconf 83' lang='lat' dir='ltr'>Prodesse</span> <span class='ocrx_word' id='word_1_199' title='bbox 636 3246 834 3323; x_wconf 66' lang='lat' dir='ltr'>nobis</span> <span class='ocrx_word' id='word_1_200' title='bbox 879 3245 1030 3340; x_wconf 82' lang='lat' dir='ltr'>plus</span> <span class='ocrx_word' id='word_1_201' title='bbox 1055 3260 1330 3341; x_wconf 84' lang='lat' dir='ltr'>potest,</span> <span class='ocrx_word' id='word_1_202' title='bbox 1369 3270 1573 3339; x_wconf 86' lang='lat' dir='ltr'>quam</span> <span class='ocrx_word' id='word_1_203' title='bbox 1626 3244 1895 3337; x_wconf 83' lang='lat' dir='ltr'>signum</span> <span class='ocrx_word' id='word_1_204' title='bbox 1938 3243 2009 3315; x_wconf 85' lang='lat' dir='ltr'>in</span> <span class='ocrx_word' id='word_1_205' title='bbox 2061 3242 2220 3311; x_wconf 87' lang='lat' dir='ltr'>fano</span> <span class='ocrx_word' id='word_1_206' title='bbox 2268 3242 2418 3312; x_wconf 86' lang='lat' dir='ltr'>heic</span> 
     </span>
     <span class='ocr_line' id='line_1_28' title="bbox 554 3370 736 3423; baseline 0.011 -2"><span class='ocrx_word' id='word_1_207' title='bbox 554 3370 736 3423; x_wconf 87' lang='lat' dir='ltr'>mtus</span> 
     </span>
    </p>

    <p class='ocr_par' dir='ltr' id='par_1_22' title="bbox 260 3462 2416 3561">
     <span class='ocr_line' id='line_1_29' title="bbox 260 3462 2416 3561; baseline -0.003 -28"><span class='ocrx_word' id='word_1_208' title='bbox 260 3464 540 3536; x_wconf 88' lang='lat' dir='ltr'>Veneris</span> <span class='ocrx_word' id='word_1_209' title='bbox 560 3518 580 3551; x_wconf 86' lang='lat'>‚</span> <span class='ocrx_word' id='word_1_210' title='bbox 629 3464 812 3559; x_wconf 88' lang='lat' dir='ltr'>quod</span> <span class='ocrx_word' id='word_1_211' title='bbox 867 3465 1188 3561; x_wconf 79' lang='lat' dir='ltr'>amplexae</span> <span class='ocrx_word' id='word_1_212' title='bbox 1245 3464 1480 3553; x_wconf 87' lang='lat' dir='ltr'>mod0‚</span> <span class='ocrx_word' id='word_1_213' title='bbox 1534 3463 1713 3535; x_wconf 87' lang='lat' dir='ltr'>unde</span> <span class='ocrx_word' id='word_1_214' title='bbox 1765 3462 2057 3557; x_wconf 77' lang='lat' dir='ltr'>abreptae</span> <span class='ocrx_word' id='word_1_215' title='bbox 2105 3486 2229 3555; x_wconf 89' lang='lat' dir='ltr'>per</span> <span class='ocrx_word' id='word_1_216' title='bbox 2280 3462 2416 3528; x_wconf 86' lang='lat' dir='ltr'>vim</span> 
     </span>
    </p>

    <p class='ocr_par' dir='ltr' id='par_1_23' title="bbox 257 3574 2418 4040">
     <span class='ocr_line' id='line_1_30' title="bbox 303 3574 856 3645; baseline 0.007 -4"><span class='ocrx_word' id='word_1_217' title='bbox 303 3580 320 3596; x_wconf 77' lang='lat'><strong><em>⁴</em></strong></span> <span class='ocrx_word' id='word_1_218' title='bbox 549 3574 807 3643; x_wconf 84' lang='lat' dir='ltr'>miserae</span> <span class='ocrx_word' id='word_1_219' title='bbox 827 3576 856 3645; x_wconf 71' lang='lat'>{³-</span> 
     </span>
     <span class='ocr_line' id='line_1_31' title="bbox 337 3726 2417 3803; baseline -0.002 -20"><span class='ocrx_word' id='word_1_220' title='bbox 337 3730 386 3783; x_wconf 91' lang='lat'>8.</span> <span class='ocrx_word' id='word_1_221' title='bbox 409 3726 944 3803; x_wconf 59' lang='lat' dir='ltr'>Proeeipem.&#39;Antiqui</span> <span class='ocrx_word' id='word_1_222' title='bbox 959 3728 1146 3787; x_wconf 78' lang='lat' dir='ltr'>dixere</span> <span class='ocrx_word' id='word_1_223' title='bbox 1157 3750 1292 3801; x_wconf 65' lang='grc' dir='ltr'>[ηπ-</span> <span class='ocrx_word' id='word_1_224' title='bbox 1381 3728 1574 3799; x_wconf 75' lang='lat' dir='ltr'>telligit</span> <span class='ocrx_word' id='word_1_225' title='bbox 1603 3750 1624 3771; x_wconf 72' lang='grc' dir='ltr'><strong>α</strong></span> <span class='ocrx_word' id='word_1_226' title='bbox 1646 3729 1715 3779; x_wconf 87' lang='lat' dir='ltr'>ab</span> <span class='ocrx_word' id='word_1_227' title='bbox 1741 3727 1935 3779; x_wconf 86' lang='lat' dir='ltr'>intimo</span> <span class='ocrx_word' id='word_1_228' title='bbox 1952 3726 2201 3795; x_wconf 80' lang='lat' dir='ltr'>amplexu</span> <span class='ocrx_word' id='word_1_229' title='bbox 2225 3726 2417 3801; x_wconf 72' lang='lat' dir='ltr'>signi».</span> 
     </span>
     <span class='ocr_line' id='line_1_32' title="bbox 259 3806 2200 3879; baseline -0.001 -20"><span class='ocrx_word' id='word_1_230' title='bbox 259 3828 390 3878; x_wconf 77' lang='lat' dir='ltr'>ceps,</span> <span class='ocrx_word' id='word_1_231' title='bbox 409 3812 660 3879; x_wconf 68' lang='lat' dir='ltr'>prroecipis.</span> <span class='ocrx_word' id='word_1_232' title='bbox 1467 3826 1557 3879; x_wconf 87' lang='lat'>17.</span> <span class='ocrx_word' id='word_1_233' title='bbox 1586 3809 1733 3862; x_wconf 79' lang='lat' dir='ltr'>Tace.</span> <span class='ocrx_word' id='word_1_234' title='bbox 1760 3808 1924 3863; x_wconf 85' lang='lat' dir='ltr'>Cure.</span> <span class='ocrx_word' id='word_1_235' title='bbox 1950 3807 1997 3871; x_wconf 84' lang='lat' dir='ltr'>I,</span> <span class='ocrx_word' id='word_1_236' title='bbox 2034 3822 2084 3869; x_wconf 89' lang='lat'>1,</span> <span class='ocrx_word' id='word_1_237' title='bbox 2106 3806 2200 3870; x_wconf 75' lang='grc'>84.</span> 
     </span>
     <span class='ocr_line' id='line_1_33' title="bbox 340 3884 2335 3961; baseline -0.001 -22"><span class='ocrx_word' id='word_1_238' title='bbox 340 3905 421 3941; x_wconf 84' lang='grc' dir='ltr'>ιο.</span> <span class='ocrx_word' id='word_1_239' title='bbox 462 3890 550 3941; x_wconf 75' lang='lat' dir='ltr'>Ab</span> <span class='ocrx_word' id='word_1_240' title='bbox 586 3893 730 3959; x_wconf 75' lang='lat' dir='ltr'>signo</span> <span class='ocrx_word' id='word_1_241' title='bbox 765 3892 960 3951; x_wconf 77' lang='lat' dir='ltr'>intimo,</span> <span class='ocrx_word' id='word_1_242' title='bbox 995 3889 1033 3942; x_wconf 88' lang='lat' dir='ltr'>i.</span> <span class='ocrx_word' id='word_1_243' title='bbox 1064 3908 1113 3943; x_wconf 86' lang='lat' dir='ltr'>e.</span> <span class='ocrx_word' id='word_1_244' title='bbox 1141 3888 1291 3961; x_wconf 86' lang='lat' dir='ltr'>quod</span> <span class='ocrx_word' id='word_1_245' title='bbox 1471 3890 1563 3944; x_wconf 83' lang='lat'>18.</span> <span class='ocrx_word' id='word_1_246' title='bbox 1594 3888 1681 3942; x_wconf 78' lang='lat' dir='ltr'>Me</span> <span class='ocrx_word' id='word_1_247' title='bbox 1702 3887 1838 3939; x_wconf 79' lang='lat' dir='ltr'>vide.</span> <span class='ocrx_word' id='word_1_248' title='bbox 1868 3884 2125 3955; x_wconf 77' lang='lat' dir='ltr'>Mere.V‚</span> <span class='ocrx_word' id='word_1_249' title='bbox 2158 3892 2214 3949; x_wconf 75' lang='grc'>4,</span> <span class='ocrx_word' id='word_1_250' title='bbox 2242 3884 2335 3937; x_wconf 83' lang='grc'>53.</span> 
     </span>
     <span class='ocr_line' id='line_1_34' title="bbox 257 3962 2418 4040; baseline -0 -22"><span class='ocrx_word' id='word_1_251' title='bbox 257 3967 506 4021; x_wconf 71' lang='lat' dir='ltr'>interiore</span> <span class='ocrx_word' id='word_1_252' title='bbox 533 3967 663 4021; x_wconf 69' lang='lat' dir='ltr'>aedis</span> <span class='ocrx_word' id='word_1_253' title='bbox 689 3981 844 4040; x_wconf 79' lang='lat' dir='ltr'>parte</span> <span class='ocrx_word' id='word_1_254' title='bbox 871 3972 1056 4027; x_wconf 73' lang='lat' dir='ltr'>stabat.</span> <span class='ocrx_word' id='word_1_255' title='bbox 1085 3996 1108 4020; x_wconf 69' lang='grc' dir='ltr'>ι</span> <span class='ocrx_word' id='word_1_256' title='bbox 1126 3972 1189 4022; x_wconf 86' lang='lat' dir='ltr'>In</span> <span class='ocrx_word' id='word_1_257' title='bbox 1223 3987 1290 4025; x_wconf 79' lang='lat' dir='ltr'>eo</span> <span class='ocrx_word' id='word_1_258' title='bbox 1469 3973 1562 4031; x_wconf 75' lang='lat'>²4·</span> <span class='ocrx_word' id='word_1_259' title='bbox 1584 3968 1701 4023; x_wconf 74' lang='lat' dir='ltr'>Etsi</span> <span class='ocrx_word' id='word_1_260' title='bbox 1722 3968 1810 4022; x_wconf 75' lang='lat' dir='ltr'>hoc</span> <span class='ocrx_word' id='word_1_261' title='bbox 1832 3966 2079 4029; x_wconf 74' lang='lat' dir='ltr'>acerbum,</span> <span class='ocrx_word' id='word_1_262' title='bbox 2102 3962 2255 4037; x_wconf 91' lang='lat' dir='ltr'>quod</span> <span class='ocrx_word' id='word_1_263' title='bbox 2272 3984 2418 4019; x_wconf 83' lang='lat' dir='ltr'>nunc</span> 
     </span>
    </p>
   </div>
   <div class='ocr_carea' id='block_1_3' title="bbox 260 4047 2418 4199">
    <p class='ocr_par' dir='ltr' id='par_1_24' title="bbox 260 4047 2418 4199">
     <span class='ocr_line' id='line_1_35' title="bbox 260 4047 2418 4120; baseline -0 -21"><span class='ocrx_word' id='word_1_264' title='bbox 260 4047 484 4101; x_wconf 78' lang='lat' dir='ltr'>sacrario</span> <span class='ocrx_word' id='word_1_265' title='bbox 513 4047 708 4102; x_wconf 80' lang='lat' dir='ltr'>intimo</span> <span class='ocrx_word' id='word_1_266' title='bbox 749 4049 966 4120; x_wconf 77' lang='lat' dir='ltr'>signum</span> <span class='ocrx_word' id='word_1_267' title='bbox 995 4050 1100 4103; x_wconf 72' lang='lat' dir='ltr'>fuit</span> <span class='ocrx_word' id='word_1_268' title='bbox 1134 4051 1296 4106; x_wconf 79' lang='lat' dir='ltr'>Cere-</span> <span class='ocrx_word' id='word_1_269' title='bbox 1384 4047 1580 4118; x_wconf 81' lang='lat' dir='ltr'>agitur.</span> <span class='ocrx_word' id='word_1_270' title='bbox 1645 4049 1882 4102; x_wconf 74' lang='lat' dir='ltr'>Praesens</span> <span class='ocrx_word' id='word_1_271' title='bbox 1946 4058 2191 4102; x_wconf 75' lang='lat' dir='ltr'>moestum</span> <span class='ocrx_word' id='word_1_272' title='bbox 2216 4082 2235 4110; x_wconf 90' lang='lat'>‚</span> <span class='ocrx_word' id='word_1_273' title='bbox 2300 4064 2418 4117; x_wconf 70' lang='lat' dir='ltr'>spes</span> 
     </span>
     <span class='ocr_line' id='line_1_36' title="bbox 261 4126 2292 4199; baseline 0.001 -22"><span class='ocrx_word' id='word_1_274' title='bbox 261 4126 332 4179; x_wconf 74' lang='lat' dir='ltr'>ris</span> <span class='ocrx_word' id='word_1_275' title='bbox 351 4151 373 4173; x_wconf 69' lang='grc' dir='ltr'>ι</span> <span class='ocrx_word' id='word_1_276' title='bbox 395 4164 412 4193; x_wconf 84' lang='grc'>,</span> <span class='ocrx_word' id='word_1_277' title='bbox 441 4127 556 4182; x_wconf 88' lang='lat' dir='ltr'>Cic.</span> <span class='ocrx_word' id='word_1_278' title='bbox 575 4126 645 4182; x_wconf 90' lang='lat' dir='ltr'>de</span> <span class='ocrx_word' id='word_1_279' title='bbox 667 4128 815 4199; x_wconf 74' lang='lat' dir='ltr'>Siga.</span> <span class='ocrx_word' id='word_1_280' title='bbox 840 4128 934 4195; x_wconf 68' lang='lat'>45.</span> <span class='ocrx_word' id='word_1_281' title='bbox 960 4128 1184 4183; x_wconf 70' lang='lat' dir='ltr'>Decetia</span> <span class='ocrx_word' id='word_1_282' title='bbox 1207 4128 1294 4181; x_wconf 83' lang='lat' dir='ltr'>in·</span> <span class='ocrx_word' id='word_1_283' title='bbox 1385 4126 1595 4180; x_wconf 80' lang='lat' dir='ltr'>melior.</span> <span class='ocrx_word' id='word_1_284' title='bbox 2284 4130 2292 4143; x_wconf 96' lang='lat'>&#39;</span> 
     </span>
    </p>
   </div>
  </div>
 </body>
</html>
