3067 5017
562 382 703 457 588
1332 347 1960 476 dommum,

557 510 743 601 Quid
766 508 974 605 igitur
992 507 1120 579 fuit
1144 534 1357 580 causae
1374 565 1393 601 ,
1418 527 1497 581 ut
1518 537 1640 606 per
1663 512 2024 591 fenestram
2045 510 2354 605 redderes
2376 512 2706 587 minna.

552 623 693 705 Tu,
746 621 1053 714 inquam,
1114 620 1503 691 thesaurum
1562 621 1754 691 illum
1807 624 2160 715 asportasti
2211 623 2408 694 for-as.
2485 623 2702 707 Qflna.

551 728 825 815 Pulcre,
844 728 1119 824 edepol,
1158 730 1614 800 conditionem
1637 729 2104 801 codicillorum
2135 730 2532 827 implevisti,
2565 752 2708 826 qua=

550 854 955 933 praeceptum
978 855 1078 909 est
1098 893 1118 926 ,
1158 855 1236 909 ut
1259 841 1648 911 thesaurum
1683 841 1851 909 mihi
1871 841 2014 909 sine
2032 840 2268 911 fraude
2293 842 2700 912 ostenderes,

547 954 1033 1021 Verumtamen
1084 951 1658 1045 praescriptionem
1681 951 1872 1021 -hanc
1909 966 2212 1037 transeo,
2245 976 2382 1045 qua
2413 952 2512 1021 uti
2558 977 2702 1045 pos-

550 1085 741 1145 sum,
774 1042 1033 1130 etiamsi
1086 1084 1331 1130 aurum
1376 1085 1560 1131 nunc
1610 1062 1755 1156 ipse
1802 1061 1980 1131 mihi·
2017 1060 2335 1131 traderes.
2378 1066 2540 1131 Haec
2587 1087 2702 1132 su-

550 1170 808 1263 perflua
836 1184 1025 1257 suut,
1044 1170 1159 1240 ubi
1182 1170 1297 1239 'res
1313 1194 1646 1265 nusquam
1669 1186 1970 1267 apparet.
1994 1170 2228 1241 Redde
2250 1172 2448 1265 quod-
2464 1196 2692 1267 negas.

549 1302 829 1349 Manna.
866 1284 931 1348 Ο
972 1295 1315 1374 tempora,
1352 1306 1395 1349 o
1430 1306 1685 1366 moreS,
1715 1296 1994 1376 o.pater
2039 1279 2318 1353 Euclio!
2357 1283 2700 1354 Hanocine

548 1390 718 1457 mihi
758 1406 833 1459 tu
878 1389 1062 1459 domi
1106 1389 1307 1459 fidem
1346 1390 1798 1485 proedicabas?
1835 1391 2156 1478 Reddidi,
2193 1391 2436 1476 fateor,
2457 1390 2698 1471 omnes

547 1522 671 1594 per
723 1502 939 1581 Deos,
991 1500 1348 1594 ipsumque
1410 1503 1799 1571 thesaurum
1859 1501 2218 1573 inlibatum
2295 1503 2472 1571 intra
2523 1502 2698 1577 aedes

544 1610 799 1705 projeci
842 1625 1009 1680 tuas.
1054 1632 1269 1693 QUER.
1336 1616 1402 1681 O
1436 1613 1690 1683 arbiter
1737 1612 1951 1699 bone,
1999 1611 2152 1716 plus
2207 1612 2328 1685 iste
2377 1613 2694 1695 admisit,

547 1746 750 1814 quam
795 1722 1199 1815 putabamus
1234 1748 1250 1790 z
1285 1722 1432 1808 hic,
1484 1723 1614 1791 nisi
1664 1721 1886 1807 fallor,
1923 1724 2066 1817 ipse
2104 1737 2236 1810 est,
2283 1725 2400 1817 qui
2435 1748 2697 1796 urnam

546 1830 727 1900 illam
766 1830 1097 1901 funestam
1136 1830 1331 1899 nobis
1370 1831 1655 1926 projecit
1691 1834 1762 1903 iu
1807 1832 2109 1903 domum.
2144 1854 2426 1904 MANDR·
2468 1833 2582 1901 Dii
2629 1848 2702 1903 te

546 1954 847 2011 servent:
878 1942 1087 2035 ipsam
1122 1965 1249 2035 ego
1274 1942 1566 2035 projeci:
1591 1942 1858 2012 tandem
1893 1958 2172 2037 apparet
2195 1943 2454 2013 veritas.
2477 1960 2702 2027 QUER.

546 2053 702 2138 Dic,
724 2074 975 2144 quaeso,
996 2050 1515 2146 MandrogeruS,
1542 2052 1916 2147 fragmenta
1941 2055 1993 2123 si
2015 2049 2384 2149 aspexeris,
2421 2068 2694 2146 potesne

546 2160 947 2255 agnoscere?
982 2184 1267 2231 ΜΑΝοιι.
1320 2167 1454 2247 lta,
1504 2177 1580 2231 ut
1629 2165 2088 2259 compaginari
2139 2188 2398 2257 per-me
2433 2148 2699 2258 possint

542 2272 792 2341 omnia.
846 2268 1319 2357 Quem-Hem,
1357 2271 1788 2361 Pantomale,
1821 2264 2043 2345 nescio
2089 2276 2249 2367 quid
2291 2272 2492 2367 paulo
2533 2291 2698 2345 ante

539 2381 653 2452 hic
698 2382 984 2475 proferri
1024 2383 1374 2475 jusseram.
1422 2408 1587 2453 Anu.
1629 2388 1880 2453 Praesto
1927 2397 2087 2453 sunt
2132 2398 2354 2477 partes
2397 2382 2527 2453 illae
2553 2436 2572 2466 ,
2617 2386 2692 2453 in

538 2493 785 2587 quibus
818 2492 1055 2563 titulus
1082 2494 1445 2587 inscriptus
1475 2494 1623 2563 fuit.
1656 2494 2692 2589 Quan.Agnoseisne,·Mandr-o-

547 2603 795 2699 gerus?
843 2628 1129 2673 marton.
1168 2607 1529 2699 Agnosco,
1570 2602 1836 2688 herole;
1882 2605 2162 2675 taudem·
2203 2618 2690 2675 cessentartes
2775 2609 2782 2616 “

544 2729 615 2783 et
660 2714 1017 2807 praestigia.
1058 2736 1268 2796 Quian.
1322 2714 1393 2783 Si
1446 2739 1676 2783 verum
1720 2714 2103 2809 agnoveriS,
2155 2712 2299 2809 lege
2345 2712 2688 2799 celeriter,

545 2822 728 2916 quod
784 2824 1109 2916 seriptum
1155 2822 1267 2891 hic
1316 2821 1463 2893 fuit.
1508 2848 1792 2895 uiuunt.
1864 2829 1952 2894 Et
1997 2822 2124 2919 legi
2173 2839 2242 2893 et
2277 2823 2446 2917 lego.
2501 2824 2690 2894 Cedo

542 2930 705 3001 hine
730 2930 1342 3015 mihi,Pant9mal‘e
1367 2987 1385 3017 ,
1426 2932 1954 3027 fragmentorum
1991 2934 2689 3027 paginastTri'erinus,

542 3042 923 3136 Tricipitini
946 3040 1126 3111 filius
1158 3042 1470 3130 conditus
1502 3060 1570 3113 et
1599 3043 1902 3137 sepultus
1927 3044 2038 3113 hic
2058 3045 2258 3137 jacet.
2285 3049 2687 3130 QURR.«He0,

540 3150 1029 3237 scelestissime,
1074 3152 1387 3246 dispicis?
1458 3154 1528 3224 Si
1599 3155 1904 3226 vivorum
1955 3153 2682 3249 neglexistigratiam,

536 3261 827 3331 etiamne
878 3263 1161 3331 mortuis
1202 3288 1439 3333 manus
1487 3264 1775 3335 intulisti
1829 3264 1916 3335 ad
1971 3263 2203 3334 ludum
2243 3279 2312 3335 et
2355 3264 2686 3341 ludibria?

530 3374 767 3465 Neque
792 3386 1147 3441 contentus
1176 3374 1425 3442 eruisse
1452 3374 1726 3443 bustum
1755 3389 1957 3468 atque
1979 3374 2529 3459 cineres-,ultimo
2547 3400 2682 3468 per

530 3481 891 3551 fenestram
942 3482 1143 3551 etiam
1182 3480 1477 3551 funestas
1511 3484 1677 3571 mihi
1730 3484 2069 3577 projecisti
2106 3483 2433 3576 reliquias.
2490 3484 2680 3570 Quid

530 3591 618 3660 ad
660 3591 803 3661 haec
837 3591 1002 3662 dicis
1027 3591 1509 3661 ?·Thesaurum
1550 3592 1930 3679 abstulisti,
1970 3592 2229 3666 violasti
2261 3592 2678 3688 sepulcrum,

524 3702 838 3796 perdite:
894 3702 1171 3771 domum
1215 3728 1433 3775 meam
1486 3728 1625 3771 uon
1685 3704 1903 3773 solum
1957 3703 2370 3797 compilasti,
2437 3720 2674 3787 verum

532 3814 733 3881 etiam
795 3810 1137 3905 polluisti,
1188 3813 1503 3907 sacrilege
1551 3839 1567 3883 ε
1621 3830 1694 3883 tu
1749 3814 1998 3908 negas?
2050 3838 2330 3892 MANoa.
2389 3816 2670 3905 Quaes0‚

530 3920 1073 4015 quandoquidem
1122 3948 1229 3991 me
1263 3922 1538 3994 fortuna
1569 3925 1666 3993 sic
1709 3924 2058 4008 destituit,
2093 3925 2258 3995 nihil
2301 3949 2528 4017 quaero
2568 3924 2671 3994 ul-

530 4028 759 4100 terius.
788 4031 977 4101 Vale.
996 4058 1223 4121 ,Qumn
1249 4036 1339 4102 At
1374 4060 1522 4129 eg0,
1551 4032 1793 4119 hercle,
1823 4060 2071 4127 quaem,
2097 4037 2208 4105 cui
2237 4034 2416 4106 mala·
2441 4037 2674 4111 omnia

524 4140 959 4237 congessisti,
1004 4142 1235 4213 scelus.
1304 4148 1509 4232 Hem,
1549 4144 1942 4216 Pantomale
1967 4198 1988 4231 ,
2049 4170 2391 4238 nunquam
2437 4146 2675 4223 ahstoe
