3067 5017
593 360 1043 381 mmmm
1061 357 1617 379 §mu-§mmmmm
1623 358 2543 384 mmmmm
2547 360 2731 381 mm

844 562 1018 686 M.
1121 557 1670 687 ACCII
1780 560 2474 688 PLAUTI

1103 808 2233 921 sARslNATls'UMBRI

813 1050 2514 1305 POENULUS.

1023 1565 1541 1706 ACTUS
1630 1564 2293 1669 PRIMUS.

1193 1955 1611 2049 SCENA
1673 1957 2120 2047 PRIMA.

959 2140 2365 2229 AGQRASTOCLES‚M1LPHIO.

587 2380 809 2430 Aeon.
831 2315 1066 2435 SAEPE
1107 2382 1210 2426 res
1253 2355 1497 2424 multas
1531 2355 1656 2423 tibi
1694 2352 2033 2444 mandavi,
2066 2354 2394 2451 Milphio,

585 2468 886 2554 DubiaS‚
925 2490 1204 2561 egenas,
1238 2465 1578 2559 inopiosas
1623 2463 1893 2549 consili,

590 2578 779 2665 Quas
817 2590 892 2645 tu
926 2576 1298 2670 sapienter,
1335 2573 1578 2660 docte,
1607 2589 1673 2642 et
1708 2573 2014 2659 cordate,
2058 2588 2124 2643 et
2153 2590 2298 2645 cate

587 2688 766 2757 Mihi
809 2685 1159 2756 reddidisti
1191 2686 1502 2779 opiparas
1548 2707 1752 2775 opera
1788 2698 1943 2771 tua,

589 2797 860 2889 Quibus
898 2822 1022 2892 pro
1060 2795 1424 2866 benefactis
1461 2794 1680 2862 fateor
1715 2794 1938 2862 deberi
1984 2793 2141 2878 tibi,

586 2913 678 2979 Et
718 2906 1092 2977 libertatem
1135 2923 1205 2975 et
1247 2904 1493 2975 multas
1532 2904 1776 3000 grateis
1822 2904 2091 2997 gratias,

588 3015 1404 3110 M1Lpn.Seitum’st‚per
1432 3028 1699 3108 tempus
1718 3014 1774 3081 si
1808 3013 2110 3081 obviam
2092 3027 2185 3099 ιε,
2201 3013 2483 3085 verbum
2506 2996 2731 3091 vetus·

587 3129 764 3196 Nam
801 3140 932 3195 tuae
964 3124 1302 3194 blanditiae
1346 3124 1512 3193 mihi
1550 3138 1743 3210 sunt,
1781 3123 1961 3217 quod
1997 3122 2129 3194 dici
2168 3114 2366 3210 solet,

589 3236 823 3305 Gerrae
853 3260 1184 3331 germanae
1206 3289 1226 3323 ‚
1254 3251 1455 3329 atque
1475 3288 1495 3323 ,
1533 3232 1813 3329 edepol,
1852 3232 2019 3305 liroe
2056 3233 2247 3304 liroe.

673 3431 726 3482 7.
760 3410 944 3465 Scitum
973 3412 1038 3462 'se
1054 3450 1070 3476 ,
1117 3421 1220 3464 eto.
1247 3410 1494 3463 Verbum
1524 3427 1618 3462 ve·
1700 3407 1855 3461 aliter
1882 3421 2043 3479 atque
2066 3408 2179 3481 ipse
2210 3410 2501 3465 aestimabat
2527 3415 2729 3469 oratio-

592 3504 676 3545 ωε
695 3490 832 3543 illud
856 3503 965 3544 est:
999 3490 1172 3544 Gerroe
1201 3502 1248 3541 et
1278 3490 1415 3543 lie-oe.
1449 3487 1613 3555 Quod
1700 3506 1826 3541 nem
1848 3485 2215 3543 adolescentis.
2240 3490 2361 3543 Jam
2377 3528 2393 3555 ,
2436 3517 2459 3539 ι
2478 3507 2728 3562 per-tem-

588 3582 773 3641 aperte
801 3568 1090 3623 ostendunt
1115 3570 1238 3622 illa:
1265 3570 1398 3641 quod
1419 3570 1519 3623 dici
1540 3588 1615 3621 so-
1701 3586 1801 3638 pus
1832 3568 1876 3621 si
1906 3569 2121 3621 obviam
2142 3568 2233 3621 it»
2248 3581 2389 3636 ,‚est
2408 3571 2453 3623 si
2478 3590 2575 3625 suo
2601 3575 2723 3630 loco

595 3650 679 3701 let.
699 3649 769 3702 Et
790 3650 1032 3719 quamvis
1055 3648 1220 3714 illud,
1250 3649 1440 3716 Gerr-ce,
1472 3650 1611 3714 lit-oe,
1702 3660 1756 3701 et
1781 3660 2028 3719 tempore
2063 3648 2119 3699 in
2156 3660 2393 3702 mentem
2425 3652 2607 3706 venit·
2635 3670 2731 3711 aut

589 3743 698 3783 ete.
720 3740 832 3781 tam
865 3730 1045 3800 magni
1076 3729 1336 3783 momenti
1365 3746 1478 3783 non
1509 3728 1613 3792 sit,
1703 3726 1747 3779 si
1783 3739 2093 3799 opportune
2138 3726 2392 3797 objicitur
2430 3730 2489 3783 in
2512 3751 2733 3805 respon-

593 3821 656 3863 ut
690 3820 837 3862 tanta
877 3827 1003 3863 cum
1039 3810 1348 3881 praefatione
1379 3765 1618 3879 proferri
1705 3804 1963 3860 sionibus.
1992 3807 2209 3858 szron.

589 3887 876 3955 debuerit,
912 3902 1132 3960 apparet
1174 3902 1352 3943 tamen
1402 3905 1615 3953 servum
1791 3904 1847 3954 9.
1870 3886 2014 3937 Liroe
2030 3885 2165 3937 lit-oe.
2188 3885 2409 3942 Plautus
2430 3891 2730 3962 scripserat,

590 3968 787 4039 §ocni-53
809 3980 870 4021 et
889 3966 1036 4039 qnod
1071 3988 1260 4040 magno
1292 3979 1488 4021 conatu
1513 3985 1622 4019 coe·
1709 3968 1841 4035 λῆροι
1862 3970 2025 4036 λῆροι,
2051 3965 2138 4017 vel
2161 3964 2315 4029 let-oe,
2360 3968 2504 4021 let-oe.
2532 3973 2733 4027 Delirus

590 4060 780 4120 perat,
835 4047 894 4101 in
942 4049 1114 4103 risum
1164 4046 1410 4103 desinere
1450 4068 1460 4097 :
1511 4064 1623 4099 non
1714 4056 1892 4097 autem
1922 4054 1976 4097 et
2000 4043 2235 4113 delirare,
2270 4046 2420 4117 quod
2444 4048 2537 4102 hic
2562 4054 2735 4124 appli-
