3067 5017
893 413 1236 484 ACTus
1281 415 1399 502 ΙΙ,
1451 414 1799 485 scENA
1852 417 1991 488 1v.
2368 411 2510 515 575

359 553 496 612 tam
536 537 750 610 simile
781 555 986 634 quam
1025 537 1277 608 solidus
1323 536 1538 608 solido
1579 539 1737 608 est?
1782 541 2006 610 Etiam
2042 539 2156 610 hic
2192 539 2526 614 distantia*

257 728 264 732 ⁴
359 652 685 747 quaeritur
716 651 787 719 in
819 674 1019 736 aum,
1059 648 1312 736 voltuS‚
1343 664 1500 718 aetas
1533 663 1605 718 et
1643 648 1854 736 color,
1883 650 2200 720 nobilitas
2224 707 2243 740 ‚
2271 651 2515 724 littera-

360 777 551 850 tura,
593 759 851 854 patria‚
894 758 1224 854 gravita3‚
1261 783 1476 854 usque
1511 758 1598 828 ad
1643 759 2003 855 scriptulos
2049 763 2398 856 quau-itur,
2443 764 2515 834 in

357 895 525 940 auro
561 869 714 964 plus
741 894 944 964 quam
973 869 1042 937 in
1073 869 1372 938 homine.
1413 874 1657 964 Itaque
1695 870 1809 938 ubi
1849 895 2092 941 aurum
2125 885 2265 961 est,
2291 888 2513 944 totum

358 994 480 1051 est.
506 984 654 1050 Hoc
675 994 830 1049 ante
853 977 1194 1070 Querolus
1215 979 1609 1074 ignorabat:
1632 979 1747 1053 sed
1770 979 1929 1049 mali
1954 981 2251 1076 perdunt
2274 984 2512 1054 bonos.

355 1089 481 1159 Ille
502 1104 725 1159 autem
759 1081 1032 1178 arbiter,
1063 1089 1148 1158 ad
1185 1114 1385 1184 quem
1420 1114 1603 1158 nunc
1636 1115 1747 1178 eo,
1783 1114 1986 1185 quam
2020 1091 2376 1164 sceleratus
2416 1107 2517 1164 est
2544 1140 2549 1145 >

358 1201 610 1272 homo?
662 1202 884 1273 Servis
931 1200 1253 1270 alimenta
1295 1200 1580 1288 minuit,
1628 1225 1798 1294 opus
1856 1213 2084 1270 autem
2135 1200 2289 1297 plus
2326 1205 2514 1298 justo

358 1313 685 1405 imperat,
707 1312 996 1399 inverso,
1031 1308 1292 1399 hercle,
1316 1311 1548 1381 modio
1568 1366 1589 1398 .,
1625 1313 1679 1381 si
1716 1311 1985 1397 liceret,
2016 1327 2216 1408 turpe
2244 1313 2517 1406 eliceret

358 1418 648 1496 lucrum.
675 1424 910 1517 Itaque
940 1421 996 1492 si
1025 1422 1299 1516 quando
1336 1423 1446 1492 isti
1479 1444 1639 1492 casu
1666 1421 1770 1492 vel
1804 1422 2114 1492 consulto
2138 1449 2208 1493 se
2243 1423 2509 1512 vident,

358 1547 524 1603 tunc
549 1533 842 1603 invicem
873 1557 1014 1615 sese
1045 1533 1331 1603 docentt
1367 1547 1437 1602 et
1473 1547 1733 1621 tamen,
1764 1532 1991 1603 hercle
2010 1587 2029 1619 ‚
2054 1547 2131 1602 ut
2162 1535 2390 1604 omnia
2416 1535 2517 1605 di-

359 1657 622 1731 cantur,
659 1643 716 1712 si
770 1668 1039 1714 necesse
1091 1656 1227 1729 est,
1283 1640 1462 1713 malo
1497 1643 1747 1712 meum2
1805 1642 2050 1712 Adhuc
2101 1642 2216 1712 ille
2257 1660 2514 1736 noster,
2594 1665 2601 1674 ·

359 1752 868 1848 qualiscumque
903 1769 1038 1843 est,
1071 1769 1298 1824 tamen
1329 1777 1573 1824 avarus
1616 1777 1758 1822 non
1788 1767 1890 1822 est
1924 1753 1997 1821 in
2040 1777 2197 1823 suos
2236 1781 2252 1824 ε
2290 1755 2512 1826 solum

360 1860 531 1933 illud
565 1878 698 1951 est,
737 1865 922 1959 quod
957 1865 1242 1934 nimium
1277 1865 1516 1935 crebro
1554 1864 1901 1950 verberat,
1939 1887 2335 1960 semperque
2370 1864 2514 1937 cla-

359 1986 524 2042 mat.
563 1969 803 2068 Itaque
835 1972 967 2044 illis
993 1975 1322 2044 ambobus
1348 1978 1534 2045 Deus
1580 1973 1793 2043 iratus
1826 1973 1959 2042 sit:
1997 1987 2063 2042 et
2106 1993 2247 2042 non
2285 1994 2516 2046 sumus

362 2097 588 2152 tamen
613 2099 752 2154 tam
785 2085 1012 2153 miseri
1042 2099 1243 2178 atque
1274 2099 1412 2154 tam
1441 2083 1663 2174 stulti,
1694 2110 1899 2180 quam
1932 2085 2212 2179 quidam
2247 2101 2513 2181 putant.
2554 2124 2561 2130 ·

362 2192 592 2289 Aliqui
637 2195 1094 2266 somnulentos
1127 2219 1250 2264 nos
1286 2219 1428 2266 esse
1458 2195 1775 2282 credunt,
1814 2196 2141 2289 quoniam
2183 2199 2518 2267 somnicu-

363 2301 586 2376 lamur
626 2305 709 2375 de
751 2306 861 2374 die
894 2331 1074 2376 z'nos
1119 2318 1345 2374 autem
1394 2305 1465 2374 id
1507 2304 1789 2374 facimus
1834 2303 2224 2399 vigiliarum
2268 2331 2470 2376 causa
2498 2361 2518 2394 ,

363 2415 522 2510 quia
565 2415 920 2514 vigilamus
972 2415 1306 2491 noctibus,
1361 2413 1716 2501 FamuluS‚
1756 2413 1875 2507 qui
1924 2411 2185 2481 diurnis
2239 2416 2527 2508 quiescit

363 2524 589 2616 horiS‚
633 2529 820 2598 omni
863 2526 1097 2624 vigilat
1153 2537 1479 2622 temporo.
1556 2520 1743 2596 Nihil
1802 2546 2104 2616 unquam
2160 2522 2403 2593 melius
2447 2525 2522 2593 in

365 2633 569 2704 rebus
603 2635 916 2706 humanis
951 2636 1181 2706 fecisse
1220 2650 1534 2704 naturam
1573 2656 1778 2728 quarn
1811 2644 2087 2726 noctem
2137 2647 2307 2726 puto
2340 2658 2357 2703 ε
2404 2633 2521 2705 1lla

367 2761 468 2816 est
507 2745 649 2816 dies
677 2761 908 2817 nostra
944 2774 961 2818 z
1001 2762 1164 2816 tunc
1194 2761 1493 2842 aguntur
1519 2745 1773 2814 omnia.
1819 2746 2038 2815 Nocte
2070 2741 2345 2813 balneas
2382 2745 2526 2816 adi-

366 2875 518 2927 mus
539 2912 560 2946 ‚
595 2860 902 2952 quamvis
938 2856 1247 2928 sollicitet
1285 2856 1428 2926 dies
1463 2882 1477 2926 :
1527 2855 1833 2926 lavamus
1868 2867 2098 2922 autem
2136 2877 2293 2922 cum
2331 2855 2519 2948 pedi-

285 3033 312 3054 „
368 2969 591 3063 se‘quis
643 2983 713 3040 et
764 2967 1027 3066 puelliS.
1087 2971 1332 3040 Nonne
1383 2969 1528 3036 haec
1586 2973 1689 3035 est
1729 2965 1869 3034 vita
1908 2962 2169 3034 libera?
2213 2967 2521 3037 Luminis

369 3092 592 3148 autem
610 3079 720 3150 vel
747 3063 1121 3174 splendoris
1140 3076 1310 3146 illud
1333 3077 1771 3163 subornetur,
1797 3074 1985 3169 quod
2007 3073 2319 3164 sufficiat,
2332 3075 2520 3169 quod

369 3187 684 3282 publicet.
734 3193 880 3286 Ego
927 3189 1180 3259 nudam
1220 3204 1450 3272 teneo,
1491 3211 1696 3281 quam
1734 3185 2011 3255 domino
2050 3185 2361 3256 vestitam
2401 3187 2517 3256 vix

369 3296 598 3367 videre
651 3297 823 3370 licet.
875 3304 1022 3396 Ego
1065 3298 1277 3369 latera
1321 3297 1543 3367 lustro
1584 3323 1600 3364 :
1672 3321 1797 3390 ego
1853 3293 2063 3388 effusa
2118 3294 2519 3390 capillorum

369 3410 616 3478 metior
687 3407 1033 3478 volumina
1072 3435 1088 3478 :
1128 3407 1433 3496 adsideo,
1490 3404 1861 3500 amplector
1882 3458 1903 3492 ,
1960 3405 2160 3474 foveo
2181 3459 2200 3493 ‚
2251 3404 2505 3476 foveor.

370 3519 660 3588 Cuinam
696 3517 1125 3589 dominorum
1163 3517 1293 3587 hoc
1321 3517 1518 3588 licet?
1551 3515 1729 3587 Illud
1766 3530 1992 3584 autem
2030 3529 2275 3584 nostrae
2306 3514 2516 3587 felici-

372 3628 526 3697 tatis
562 3644 802 3723 caput‚
861 3629 1060 3724 quod'
1095 3628 1271 3696 inter
1311 3653 1435 3698 nos
1475 3625 1762 3721 zelotypi
1804 3651 1945 3696 non
1990 3649 2221 3694 sumus
2264 3651 2281 3694 ε
2333 3623 2515 3694 furta

370 3738 628 3809 omneis
662 3738 943 3809 facimus
971 3791 992 3823 ‚
1033 3737 1338 3808 fraudem
1373 3753 1600 3806 tamen
1644 3760 1842 3805 nemo
1882 3735 2157 3831 patitur,
2194 3735 2517 3829 quoniam

371 3863 591 3919 totum
625 3849 758 3920 hoc
791 3863 1103 3919 mutuum
1137 3863 1258 3920 est.
1314 3849 1647 3916 Dominos
1691 3862 1917 3916 autem
1955 3845 2385 3915 observamus
2419 3860 2519 3914 at-

368 3985 504 4054 que
531 3959 947 4032 excludimus
990 3985 1006 4028 ε
1038 3985 1197 4030 nam
1228 3959 1407 4028 inter
1441 3981 1667 4028 servos
1706 3971 1778 4025 et
1812 3952 2087 4024 ancillas
2115 3979 2252 4022 una
2286 3954 2521 4048 conju-

353 4072 550 4166 'gatio
578 4086 698 4142 est.
737 4074 857 4141 Vae
895 4067 1068 4156 illis,
1108 4068 1292 4164 apud
1333 4092 1502 4164 quos
1542 4067 1801 4136 domini
1833 4063 2097 4161 vigilias
2134 4063 2417 4135 multam
2449 4065 2527 4150 in·

369 4195 637 4254 noctem
664 4182 1090 4277 protrahunt.
1111 4177 1404 4251 Tantum
1427 4178 1607 4250 enim
1635 4175 1842 4247 servis
1870 4176 1953 4246 de
1985 4176 2119 4246 vita
2145 4173 2532 4265 abstuleriS‚
