3067 5017
613 431 768 504 336

1438 427 1925 512 STICHUS,

600 557 743 626 Scis
778 568 853 623 tu
897 577 1004 621 me
1046 575 1188 621 esse
1225 549 1343 618 imi
1383 547 1655 619 subselli
1694 550 1936 619 virum.

604 688 842 735 nmen.
887 668 981 733 At
1015 662 1063 730 ii
1105 675 1404 730 oratores
1437 675 1598 728 sunt
1630 659 1907 754 populi,
1945 661 2192 730 summi
2227 662 2393 750 viri,

601 773 956 845 Ambracia
995 772 1278 842 veniunt
1318 772 1453 840 huc
1486 769 1688 865 legati
1727 768 2015 864 publice.
2702 799 2751 838 35

600 909 758 956 Get..
807 887 991 980 Ergo
1024 896 1322 952 oratores
1359 878 1641 976 populi,
1680 882 2065 950 summateis
2102 883 2265 970 viri,

600 995 866 1066 Summi
905 994 1347 1081 adcumbent,
1384 1016 1512 1087 ego
1553 991 1875 1060 infimatis
1921 991 2217 1064 infimus.

603 1129 838 1176 ΕΡιῦΝ.
877 1104 1079 1174 Haud
1113 1102 1470 1197 aequom’st
1509 1115 1576 1170 te
1622 1101 1797 1170 inter
1834 1116 2133 1172 oratores
2168 1102 2413 1198 adcipi.

604 1239 762 1287 Get..
794 1215 1156 1310 Equidem,
1208 1212 1464 1297 hercle,
1505 1226 1737 1281 orator
1771 1237 1921 1281 sum
1946 1265 1965 1299 ,
1994 1212 2111 1281 sed
2149 1215 2453 1311 procedit
2492 1241 2750 1312 parum.

607 1349 839 1397 emon.
875 1329 1044 1397 Cras
1087 1325 1171 1394 de
1205 1323 1505 1418 reliquiis
1544 1347 1671 1390 nos
1710 1320 1893 1391 volo:
1920 1320 2209 1392 multum
2242 1323 2410 1393 vale.
2708 1349 2759 1392 4·

609 1460 766 1507 GEt..
816 1436 1024 1524 Perii,
1065 1433 1325 1520 hercle,
1368 1457 1529 1502 vero
1568 1430 1801 1527 plane,
1846 1431 2016 1500 nihil
2058 1432 2367 1502 obnoxie.

608 1550 767 1617 Uno
810 1545 1152 1616 Gelasimo
1191 1546 1413 1612 minus
1450 1558 1591 1629 est,
1630 1567 1833 1635 quam
1874 1541 2133 1611 dudum
2167 1544 2315 1614 fuit.

607 1661 885 1728 Certum
903 1654 986 1726 'st
1027 1653 1332 1724 mustelae
1377 1651 1657 1748 posthac
1701 1677 2048 1747 nunquam
2088 1654 2409 1724 credere:

608 1769 786 1839 Nam
823 1765 1252 1836 incertiorem
1290 1762 1548 1834 nullam
1586 1762 1791 1856 gnovi
1828 1761 2146 1852 bestiam,

689 1993 785 2046 33.
810 1991 906 2042 lma·
925 1989 1136 2043 subselli.
1161 1991 1314 2061 Capt.
1340 1989 1443 2054 ΙΙΙ,
1473 2007 1522 2052 1,
1548 2005 1571 2040 ι
1588 2005 1634 2041 t.

691 2069 786 2125 35.
816 2071 1116 2133 Ambracia,
1154 2071 1284 2123 urbs
1323 2081 1403 2122 est
1447 2067 1635 2138 Epiri,

603 2170 697 2206 seu
721 2150 1054 2220 Thesprotia
1081 2150 1283 2220 potius.
1310 2149 1567 2224 Tmen..

692 2237 786 2294 41.
808 2230 971 2287 Perii,
1001 2229 1155 2281 hercle
1171 2270 1186 2295 ,
1213 2249 1330 2280 vero
1346 2228 1526 2297 plane,
1556 2229 1635 2278 ηἰ-

601 2311 676 2362 hil
699 2308 916 2362 obnoxie.
965 2309 1079 2362 Nec
1107 2307 1380 2362 distinctio
1419 2326 1518 2360 nec
1558 2307 1635 2359 le·

597 2391 703 2445 ctio
727 2387 1058 2442 sollicitanda
1079 2387 1134 2441 in
1155 2391 1259 2442 hoc
1283 2406 1459 2450 versu,
1474 2405 1635 2459 quem

599 2469 674 2522 sic
718 2467 968 2538 producit
1014 2481 1073 2522 ut
1109 2469 1199 2522 hic
1246 2469 1477 2538 scriptus
1521 2478 1600 2519 est
1618 2504 1635 2530 ,

603 2545 910 2612 Geu.'V11,
949 2565 1037 2619 17,
1075 2549 1169 2601 ubi
1209 2547 1341 2601 dicit
1384 2547 1635 2601 Plautum

541 2622 554 2637 ⁸
599 2628 717 2680 hoeo
745 2626 854 2680 duo
884 2628 1024 2680 inter
1051 2644 1107 2681 se
1136 2639 1390 2699 tanquam
1423 2640 1636 2679 contra-

601 2707 682 2761 ria
703 2725 978 2778 opponere
993 2745 1007 2771 ,
1026 2707 1176 2778 plane
1199 2720 1250 2760 et
1276 2707 1492 2758 obnoxie.
1520 2707 1636 2758 ob-

603 2788 796 2840 noxius
819 2787 913 2857 qui
939 2788 1005 2838 ab
1037 2788 1140 2840 alio
1166 2785 1363 2858 pendet
1393 2799 1446 2838 et
1485 2786 1638 2857 quasi

603 2867 653 2920 ei
685 2865 1099 2937 subjectus-'Qui
1129 2867 1207 2920 sui
1235 2865 1444 2918 arbitrii
1476 2878 1530 2918 et
1558 2879 1639 2918 tu·-

604 2947 722 2998 telae
749 2957 852 3008 est,
882 2964 965 2998 res
993 2946 1150 3016 plane
1177 2946 1286 3016 agit
1307 2957 1365 2998 ut
1396 2945 1543 3010 vult,
1587 2957 1638 2998 et

604 3023 792 3078 solide.
817 3024 928 3089 Qui
951 3025 1100 3077 alteri
1123 3025 1388 3077 obnoxius
1408 3037 1485 3078 est
1500 3064 1515 3089 ,
1539 3027 1636 3084 oh·

602 3105 795 3170 noxie,
828 3117 881 3158 et
903 3104 1078 3156 minus
1094 3106 1324 3174 integre,
1347 3103 1477 3158 dum
1512 3123 1637 3158 eum

606 3203 636 3236 a
657 3203 766 3256 quo
789 3182 986 3253 pendet
1007 3196 1286 3255 respectat.
1313 3182 1419 3236 Sed
1434 3184 1639 3236 obnoxie

599 3267 760 3334 perire
797 3262 1031 3330 dicitur,
1058 3263 1151 3335 qui
1189 3282 1297 3315 non
1339 3264 1497 3333 plane
1534 3284 1638 3317 nec

606 3343 852 3397 funditus
883 3343 1051 3414 perit,
1090 3341 1182 3395 sed
1223 3343 1456 3414 aliquam
1486 3363 1636 3418 spem

610 3422 793 3476 salutis
820 3423 1005 3488 habet;
1040 3435 1097 3475 ut
1137 3421 1216 3474 illi
1249 3425 1342 3494 qui
1371 3443 1482 3475 non
1512 3442 1640 3476 con-

540 3549 544 3554 .
602 3502 841 3556 demnati
868 3516 992 3555 sunt
1016 3522 1046 3555 a
1071 3500 1250 3572 judice
1279 3503 1358 3555 sui
1391 3503 1641 3573 periculi,

611 3595 675 3636 ut
735 3582 913 3634 Latini
975 3581 1166 3635 dicunt
1187 3621 1202 3646 ,
1259 3580 1354 3635 sed
1410 3583 1477 3634 ab
1545 3583 1639 3634 illo

611 3661 758 3715 unde
787 3662 1077 3733 appellatio
1105 3661 1281 3714 datur.
1308 3663 1340 3713 J
1348 3660 1527 3714 udices
1554 3681 1642 3714 su-

606 3742 779 3813 premi
799 3740 1161 3794 condemnant
1178 3760 1329 3793 reum
1355 3741 1510 3812 plane
1531 3762 1639 3794 non

609 3821 858 3874 obnoxie.
910 3823 979 3872 At
1025 3820 1104 3872 illi
1158 3819 1301 3874 unde
1354 3821 1641 3891 appellatio

608 3913 718 3963 est,
756 3901 1016 3964 obnoxie,
1061 3919 1174 3953 non
1216 3901 1372 3970 plane
1414 3913 1641 3971 possunt

606 3978 984 4032 condemnare.
1013 3981 1184 4033 Sum.
1217 4009 1295 4024 —-·
1325 3981 1471 4034 Nihil
1490 3981 1640 4032 obno-

608 4064 704 4112 xie.
730 4059 898 4112 Docte
925 4063 948 4112 ὁ
973 4060 1104 4112 πάνυ
1121 4098 1137 4124 ,
1165 4072 1225 4111 ut
1255 4079 1500 4131 semper:
1544 4059 1639 4114 sed

611 4151 665 4193 et
704 4138 826 4191 satis
857 4137 1066 4192 erudite
1092 4137 1362 4193 Acidalius
1397 4140 1643 4211 exposuit

611 4216 746 4290 quid
767 4217 837 4274 sit
857 4218 1060 4272 obnoxie
1074 4219 1259 4290 perire,
1305 4238 1502 4291 nempe
1532 4221 1641 4274 cle-

1725 2000 1951 2053 menter,
1975 2001 2137 2061 atque
2162 1990 2232 2044 ita
2250 2030 2266 2056 ‚
2292 2002 2355 2044 ut
2374 1991 2442 2056 ei,
2476 2008 2577 2062 per
2602 2008 2759 2062 quem

1726 2066 1804 2118 sic
1840 2069 2009 2138 peris,
2054 2070 2318 2124 obnoxius
2346 2070 2446 2134 sis,
2476 2085 2637 2143 atque
2666 2070 2757 2123 ali-

1726 2164 1887 2216 quam
1916 2149 2137 2218 gratiam
2174 2148 2385 2202 debeas.
2408 2151 2563 2202 Utin
2596 2148 2756 2219 Epid.

1728 2225 1798 2283 V,
1834 2244 1895 2280 a:
1927 2249 1949 2272 ι
1970 2242 2113 2282 arcte
2152 2229 2363 2301 conliga
2398 2247 2411 2282 :
2458 2229 2597 2282 nihil
2632 2234 2758 2282 ‘vero

1726 2306 2020 2360 obnoxiose
2042 2335 2065 2357 n
2088 2348 2105 2373 ,
2166 2310 2319 2380 quasi
2368 2309 2502 2362 mihi
2555 2327 2756 2380 parcas.

1726 2385 2066 2457 Quamquam
2089 2387 2193 2441 hoc
2226 2390 2292 2442 sit
2320 2389 2503 2460 potius
2539 2387 2725 2441 timide
2742 2425 2759 2452 ‚

1728 2465 2075 2536 trepidanter,
2103 2485 2225 2520 cum
2245 2482 2493 2538 respectu
2509 2468 2693 2539 aliquo
2711 2479 2762 2520 et

1726 2557 1891 2610 metu,
1910 2559 1971 2600 ut
1994 2560 2159 2617 agunt
2185 2547 2427 2601 homines
2451 2546 2763 2619 praetrepidi

1726 2637 1889 2695 atque
1914 2627 2151 2680 obnoxii.
2188 2629 2255 2680 Et
2296 2629 2370 2680 sic
2407 2627 2535 2680 nihil
2565 2628 2763 2680 obnoxie

1728 2715 1896 2769 esset,
1926 2706 2065 2757 nihil
2104 2705 2287 2760 dubie.
2311 2705 2550 2760 Videtur
2584 2720 2760 2759 tamen

1728 2781 1866 2836 illud
1902 2785 2105 2837 obnoxie
2147 2804 2271 2839 cum
2308 2793 2380 2856 τῷ
2420 2792 2581 2856 perit-e
2607 2786 2761 2857 jungi

1726 2883 1838 2916 non
1862 2863 2084 2918 debere:
2109 2885 2209 2919 nec
2240 2864 2297 2918 id
2319 2867 2518 2919 serium
2542 2864 2763 2918 dicendi

1726 2941 1893 3014 gen'us
1928 2945 2093 3016 magis
2123 2964 2233 2998 esse
2260 2965 2422 3017 quam
2458 2959 2633 3016 potare
2671 2965 2763 3015 pro

1729 3023 1849 3086 llio,
1867 3037 1917 3077 et
1928 3026 2272 3092 piloefaotores
2285 3038 2337 3078 et
2350 3025 2765 3092 medic‘inamsaoe-

1730 3123 1783 3153 re
1804 3104 1959 3156 illum
1980 3105 2073 3175 qui
2096 3117 2298 3157 recreat
2322 3105 2466 3170 cibo,
2486 3119 2539 3158 et
2556 3105 2763 3158 similia.

1734 3183 1989 3236 obnoxius
2018 3197 2095 3236 est
2122 3186 2193 3236 ob
2224 3203 2415 3237 noxam
2436 3225 2451 3252 ,
2492 3185 2576 3238 vel
2605 3203 2763 3255 quam

1729 3264 1848 3334 quis
1889 3265 2100 3325 nocuit,
2140 3263 2222 3316 vel
2260 3283 2421 3334 quam
2467 3265 2540 3317 ob
2583 3283 2767 3336 quam-

1728 3361 1959 3413 cumque
1988 3361 2197 3396 causam
2243 3356 2542 3415 exspectat,
2587 3344 2765 3396 humi-

1728 3423 1795 3475 lis
1812 3460 1828 3486 ‚
1867 3421 2146 3487 demissus,
2181 3422 2299 3475 aliis
2322 3424 2605 3494 subjectus.
2628 3423 2768 3475 Hinc

1729 3503 1819 3557 hic
1848 3503 2108 3573 loquitur,
2135 3503 2288 3572 quasi
2330 3517 2384 3556 et
2417 3503 2767 3568 obnoxia-loca

1730 3583 2053 3646 dicerentur,
2081 3582 2230 3653 quasi
2255 3583 2480 3635 humilia
2496 3621 2511 3646 ,
2538 3581 2770 3634 servien-

1732 3665 1841 3717 tia:
1865 3675 1917 3725 et
1948 3680 2064 3714 eam
2095 3679 2283 3714 vocem
2326 3662 2414 3715 hic
2443 3658 2767 3732 applicando

1731 3742 1869 3795 nihil
1901 3739 2048 3794 aliud
2081 3740 2300 3812 respicit
2332 3761 2491 3813 quam
2519 3744 2575 3795 τὸ
2598 3741 2765 3811 plane.

1734 3821 2237 3876 ‹Ermum—Salmasii
2269 3822 2545 3875 sententiae
2584 3821 2772 3872 luben·

1733 3903 1839 3955 tius
1863 3901 2166 3971 acquiesces
2182 3939 2197 3966 ‚
2222 3900 2266 3952 si
2289 3901 2461 3954 Plane.
2487 3902 2634 3954 Poen.
2660 3900 2769 3968 111,

1738 3983 1793 4048 5,
1826 3987 1896 4044 42
1919 3979 2228 4032 contuleris.

1818 4068 1910 4125 4²·
1936 4060 2045 4112 Uno
2072 4059 2321 4113 Gelasimo
2347 4063 2504 4112 minus
2524 4071 2614 4110 est.
2655 4058 2707 4110 N
2711 4076 2773 4110 u-

1732 4159 1912 4194 merus
1971 4139 2367 4194 Gelasimorum
2424 4139 2775 4192 imminuetur

1730 4239 1860 4275 uno.
1889 4219 1960 4274 N.
