3067 5017
641 411 776 486 158

1375 411 1991 482 PSEUDOLUS
2018 463 2035 494 ,

631 561 876 610 Pssun.
911 541 1059 606 Imo
1092 549 1477 628 utrumque.
1519 557 1737 605 enan.
1772 539 2157 629 Utrumque
2193 534 2371 606 salve
2402 562 2418 605 ε
2468 536 2583 606 sed
2616 537 2783 631 quid

925 662 1147 715 actum
1172 643 1296 713 'st?
1334 669 1579 714 mmm.
1626 646 1813 734 Quid
1858 646 2099 714 times?
2730 682 2783 708 ,ο

627 782 786 828 cu..
835 754 1070 826 Adtuli
1109 755 1310 824 hunc.
1355 778 1598 826 Psnun.
1640 754 1863 843 Quid,
1900 753 2245 824 adtulisti?
2279 779 2432 826 cat..
2476 756 2783 844 Adduxi,

919 865 1104 936 volui
1146 864 1386 934 dicere.

627 1001 871 1048 psum).
904 977 1078 1065 Quis
1114 975 1263 1043 istic
1303 973 1449 1043 est?
1491 997 1649 1044 cu..
1692 975 2047 1046 Charinus,
2088 997 2333 1044 psum).
2376 973 2595 1072 Euge!
2635 977 2781 1070 jam

916 1096 1154 1181 χαρῖνον
1195 1087 1399 1154 οἰωνὸν
1435 1096 1611 1152 ποιῶ.

629 1223 846 1270 cnut.
874 1198 1062 1288 Quin
1089 1211 1162 1266 tu
1186 1194 1517 1292 quidquid
1542 1191 1799 1288 opu’st,
1825 1193 2150 1264 audacter
2176 1195 2492 1289 inperas?
2528 1219 2777 1270 psum).

846 1304 850 1314 ’
921 1312 1089 1377 Tam
1131 1307 1346 1401 gratia
1369 1304 1466 1374 'st.

627 1424 805 1488 Bene
845 1417 1330 1502 sit,'Charine;
1373 1413 1532 1483 nolo
1572 1415 1695 1483 tibi
1735 1415 2052 1486 molestos
2089 1440 2229 1486 esse
2268 1441 2412 1486 nos.

629 1610 826 1648 matrem
855 1596 1062 1649 notavit
1091 1594 1306 1666 Lipsius
1323 1632 1338 1656 ‚
1371 1595 1494 1646 Ant.
1549 1593 1653 1658 IV,

633 1683 687 1732 8.
715 1676 872 1730 Idem
910 1687 1162 1744 expertus
1199 1673 1257 1725 in
1296 1671 1429 1725 Pan.
1453 1673 1654 1726 Grute-

633 1775 758 1810 rus:
801 1769 854 1808 et
889 1756 944 1807 in
971 1753 1290 1806 Academico
1318 1771 1433 1822 ego,
1461 1749 1654 1822 Itaque

627 1837 832 1889 diutius
857 1833 916 1887 id
946 1832 1232 1887 excludere
1259 1832 1495 1903 nequivi.
1516 1831 1653 1884 Nam

627 1915 774 1987 quod
822 1915 939 1967 viro
987 1911 1079 1965 dat
1121 1911 1360 1964 mulieris
1404 1911 1654 1976 titulum,

625 2015 737 2048 non
779 1994 947 2064 magis
982 1994 1151 2046 miror
1184 2009 1343 2061 quam
1385 2009 1555 2062 quum
1596 1992 1653 2043 in

629 2074 955 2128 Curculione
1005 2071 1076 2125 ad
1127 2071 1417 2142 parasitum
1467 2069 1650 2122 adole-

629 2173 810 2219 scens,
838 2173 867 2204 ο
896 2173 999 2204 mea
1027 2153 1384 2222 obporeunitas,
1414 2162 1510 2202 aut
1538 2150 1653 2219 ipse

627 2234 889 2304 parasitus
919 2251 1070 2283 meam
1105 2236 1336 2282 nutricem
1376 2231 1651 2284 Herculem.

625 2315 739 2367 Nec
781 2309 1122 2364 incommode
1159 2309 1230 2363 ad
1278 2311 1424 2362 hunc
1461 2310 1651 2362 mulie-

627 2391 774 2446 brem
800 2392 1020 2446 titulum
1043 2391 1217 2454 venit,
1254 2390 1380 2460 quia
1403 2390 1651 2442 nomina-

625 2473 703 2525 vit
720 2485 842 2524 ante
865 2470 1007 2540 Spem
1028 2469 1274 2522 seminini
1295 2469 1528 2522 nominis
1546 2489 1650 2522 nu-

622 2570 764 2604 men.
801 2551 1047 2622 Denique
1075 2548 1283 2601 videtur
1309 2548 1555 2602 alludere
1584 2548 1651 2602 ad

625 2630 796 2684 sedem
819 2630 946 2701 Spei
975 2631 1156 2682 Roma
1181 2641 1235 2681 et
1267 2628 1452 2681 Matris
1477 2629 1651 2684 Matu-

623 2723 723 2773 ιω,
751 2729 872 2782 quae
913 2709 1104 2762 vicinae
1143 2720 1322 2772 eraut;
1357 2709 1472 2761 haee
1507 2709 1647 2762 intra

621 2803 832 2860 portam
881 2789 1306 2851 Carmentalem,
1359 2787 1450 2840 illa
1497 2800 1647 2840 extra

623 2869 884 2922 eamdem.
902 2868 1022 2921 Liv.
1046 2867 1236 2920 XXIV
1257 2885 1272 2920 ε
1301 2893 1322 2914 ι
1339 2867 1403 2918 In
1429 2868 1647 2936 templis

621 2949 875 3002 Fortunae
905 2967 967 3002 ae
995 2946 1183 3000 Matris
1207 2947 1426 2998 Matutae
1445 2959 1498 2998 et
1519 2947 1643 3017 Spei

614 3041 768 3082 extra
793 3041 1004 3100 portam
1047 3027 1152 3079 late
1181 3037 1402 3097 vagatus
1427 3025 1567 3096 ignis
1588 3051 1640 3077 ι.

618 3109 744 3160 Lib.
785 3109 947 3161 XXV
985 3128 997 3158 τ
1054 3104 1400 3159 ..reficiendis
1441 3105 1643 3158 sedibus

616 3189 872 3241 Fortuuae
907 3205 968 3240 ac
1011 3187 1202 3239 Matris
1239 3186 1458 3238 Matuta
1502 3186 1643 3238 intra

616 3281 830 3338 portam
855 3267 1278 3330 Carmentatam,
1313 3263 1408 3318 sed
1439 3278 1493 3318 et
1518 3265 1643 3336 Spei

619 3360 772 3400 extra
797 3359 1010 3417 portam
1037 3369 1084 3397 ι.
1123 3345 1307 3398 Gnon.

706 3448 798 3480 υ.
827 3428 1008 3497 Euge!
1039 3428 1164 3494 jam.
1205 3425 1390 3495 Lego:
1429 3450 1451 3472 ι
1475 3427 1638 3498 e'uge!

615 3508 726 3577 jam
767 3509 966 3578 Χαίρειν
1013 3508 1222 3574 Χαρῖνον
1255 3505 1378 3556 volo
1404 3530 1452 3557 n.
1476 3504 1644 3558 Ludit

609 3586 761 3640 enim
813 3587 871 3639 in
919 3585 1135 3639 Charini
1181 3584 1400 3636 nomine
1420 3623 1436 3649 ,
1481 3605 1643 3656 quem

616 3666 794 3720 valere
835 3678 888 3718 et
929 3665 1150 3717 missum
1193 3663 1314 3716 fieri
1344 3664 1491 3730 vult,
1529 3685 1641 3718 non

619 3746 738 3796 usui
777 3763 922 3797 nunc
953 3745 1066 3810 illi,
1101 3744 1190 3797 cui
1229 3763 1387 3815 supra
1416 3746 1641 3814 jusserat

613 3823 880 3894 ejusmodi
905 3825 1179 3877 hominem
1204 3824 1452 3878 inveniri.
1476 3825 1635 3896 Opti-

614 3923 698 3956 me
727 3904 967 3956 omnium
992 3906 1108 3957 haec
1130 3902 1416 3956 Acidalius.
1427 3905 1635 3957 Verum

611 3985 872 4054 scriptura
909 4003 1095 4036 eorum
1113 4021 1128 4048 ‚
1173 3985 1216 4036 si
1245 3983 1469 4037 ductum
1497 3985 1636 4038 MSS

609 4063 821 4115 Camer.
852 4082 1153 4135 sequamur,
1174 4065 1288 4116 haec
1315 4064 1469 4116 nobis
1490 4062 1637 4116 vide-

614 4159 737 4198 tur:
771 4144 960 4216 «Euge
993 4146 1103 4215 jam
1128 4144 1141 4196 !
1177 4144 1316 4214 χάριν
1343 4181 1357 4202 ,
1400 4144 1475 4213 ὅγ’
1505 4145 1633 4198 οἴται

1750 1597 1830 1644 νῦν
1845 1632 1860 1657 ,
1883 1601 2009 1646 ποιῶ
2039 1619 2085 1646 ι.
2103 1593 2341 1646 Iusserat
2362 1592 2653 1648 Pseudolus
2676 1583 2781 1647 sibi

1751 1671 1983 1725 adducia
1994 1671 2267 1726 Callidom
2282 1673 2557 1726 hominem
2576 1688 2627 1728 et
2643 1689 2783 1728 astu·

1752 1763 1869 1804 tum
1900 1766 1955 1805 et
1992 1753 2240 1806 callidum
2268 1771 2284 1804 2
2312 1751 2443 1804 dum
2478 1755 2533 1806 in
2568 1773 2633 1806 eo
2665 1768 2781 1808 erat

1752 1830 2076 1891 Callidorus‚
2110 1834 2266 1884 aliam
2292 1830 2595 1902 decipiendi
2627 1834 2781 1886 leno-

1750 1911 1833 1963 nis
1854 1913 2189 1965 occasionem
2210 1924 2395 1964 nactus
2410 1951 2426 1976 ,
2453 1914 2669 1983 castigat
2693 1914 2780 1967 his

1750 1993 1927 2044 verbis
1944 1990 2201 2045 Callidori
2217 2009 2423 2044 moram
2444 2009 2459 2044 ε
2480 1994 2629 2061 Euge
2636 1997 2783 2064 jam!

1750 2083 1803 2124 et
1830 2070 2064 2124 ostendit
2092 2072 2225 2126 nihil
2254 2072 2355 2123 sibi
2384 2091 2519 2142 opus
2552 2091 2694 2138 esse,
2715 2086 2779 2126 ut

1748 2151 1966 2222 quidem
2012 2169 2095 2202 res
2140 2163 2273 2213 erat,
2316 2151 2489 2222 χάριν,
2540 2153 2615 2222 ὅγ’
2644 2154 2781 2205 οἶτοιι

1746 2237 1826 2283 νῦν
1847 2270 1863 2297 ,
1880 2239 2005 2284 ποιῶ
2024 2270 2040 2297 ,
2056 2236 2271 2300 gratiam
2285 2271 2301 2293 ,
2332 2242 2387 2281 ut
2412 2250 2539 2282 nunc
2566 2251 2641 2283 res
2670 2249 2740 2284 est
2757 2273 2777 2297 ,

1737 2312 1895 2377 facio.
1938 2313 2073 2376 Quae
2108 2313 2271 2364 verba
2310 2323 2434 2364 sunt
2478 2313 2780 2366 recusantis

1750 2391 1828 2442 uti
1856 2409 2021 2461 opera
2048 2389 2267 2444 Charini
2289 2431 2305 2456 ,
2349 2409 2511 2462 quem
2542 2391 2781 2445 adduxe·

1748 2482 1829 2522 rat
1855 2468 2177 2524 Callidorus.
2228 2469 2392 2535 Quod
2442 2471 2613 2523 miror
2666 2490 2780 2524 non

1747 2548 2181 2603 animadvertisse
2202 2550 2347 2602 viros
2374 2550 2779 2616 eruditissimos,

1744 2647 1913 2699 quum
1942 2649 2079 2682 vers.
2104 2649 2214 2701 seq.
2240 2631 2334 2682 ubi
2364 2630 2637 2684 Charinus
2658 2631 2777 2702 ipse

1742 2727 1963 2778 operam
1997 2727 2147 2762 suam
2180 2710 2500 2780 pollicetur,
2538 2709 2779 2762 Pseudo·

1742 2788 1825 2840 lus
1866 2802 2074 2841 recuset
2119 2807 2271 2858 paene
2316 2788 2507 2840 iisdem
2550 2790 2731 2842 verbis
2756 2807 2772 2841 z

1740 2885 1827 2920 cu.
1864 2869 2000 2938 Quin
2021 2879 2107 2927 tu,
2141 2881 2243 2922 etc.
2262 2869 2459 2920 Plu-rr.
2477 2899 2555 2912 -—
2570 2869 2625 2922 si
2652 2869 2771 2922 vul·

1740 2961 1914 3018 gatam
1958 2948 2283 3013 retinemus,
2324 2948 2411 2999 vel
2452 2948 2768 3000 Bothianam

1738 3029 1878 3098 χάριν
1922 3028 2051 3080 οἰων.
2088 3048 2181 3092 π..
2221 3045 2401 3080 sensus
2442 3027 2585 3080 erit:
2616 3027 2767 3082 Felix

1738 3125 1939 3160 nomen
1966 3106 2191 3160 Charini
2218 3106 2440 3177 accipio.

1825 3187 1917 3240 23.
1960 3187 2081 3238 Tam
2124 3190 2294 3256 gratia
2329 3187 2406 3238 'st.
2455 3185 2641 3240 Douza
2684 3187 2763 3238 fil.

1733 3269 1837 3336 jam
1854 3270 2020 3334 gratia
2041 3279 2131 3319 est.
2170 3265 2276 3318 Sed
2304 3285 2471 3334 quum
2500 3267 2556 3318 in
2586 3268 2763 3319 altero

1740 3343 1990 3400 codicum
2014 3345 2109 3410 sit,
2147 3358 2244 3398 tam
2264 3350 2500 3414 gratiam,
2534 3345 2759 3399 dubium

1740 3423 1875 3478 mihi
1898 3445 2008 3478 nou
2036 3437 2142 3491 est,
2165 3425 2300 3498 quin
2328 3427 2395 3500 sit
2420 3425 2763 3479 scribendum

1742 3518 1839 3556 tam
1878 3509 2046 3574 gratia
2089 3505 2181 3570 Ὦ,
2239 3518 2300 3557 ut
2330 3505 2507 3558 voluit
2545 3503 2761 3560 Pareus.

1740 3586 1920 3636 Versu
1972 3596 2148 3638 autem
2201 3583 2534 3654 praecedente
2582 3585 2704 3656 lego
2744 3604 2757 3636 ε

1740 3666 1939 3735 Χαρίνῳ
1962 3666 2100 3734 χάριν
2133 3672 2278 3717 ποιῶ.
2312 3664 2377 3717 Id
2402 3677 2479 3717 est
2496 3705 2511 3728 ,
2542 3663 2761 3717 Charino

1734 3751 1949 3816 gratiam
1968 3745 2131 3810 facio.
2160 3743 2345 3796 Gnon.
2379 3777 2461 3788 -—
2508 3743 2762 3796 Formula
2845 3793 2852 3801 ,

1736 3838 1813 3878 est
1834 3823 2059 3877 comiter
2080 3822 2368 3886 renuendi,
2398 3821 2589 3877 eodem
2610 3823 2760 3894 inge-

1735 3905 1829 3957 nio
1851 3917 2009 3974 atque
2029 3903 2142 3955 haec
2164 3916 2348 3954 tantum
2373 3903 2435 3953 ’st
2450 3944 2464 3966 ,
2493 3921 2612 3974 quae
2636 3902 2761 3955 satis

1734 4003 1846 4038 esse
1874 3997 1925 4037 et
1951 3982 2117 4034 finem
2146 3981 2538 4056 imponendum
2560 3981 2760 4054 signifi-

1732 4077 1834 4118 cat.
1857 4061 1988 4117 Vid.
2017 4063 2194 4118 Casin.
2232 4062 2378 4116 Prol.
2404 4080 2459 4131 7.
2503 4063 2624 4116 Jam
2666 4081 2758 4114 ex-

1729 4144 2006 4215 posuimus
2023 4143 2337 4196 Menaechm.
2358 4141 2463 4209 111,
2489 4163 2542 4208 2,
2571 4143 2662 4196 36.
2685 4141 2753 4196 Ν.
