3067 5017
538 372 683 445 ὅσα
1302 374 1441 445 DE
1489 375 1906 446 PLAU'TO

552 496 669 566 sed
717 498 845 567 hac
906 512 1095 593 parte
1140 512 1524 594 togatorum
1573 498 2029 569 doctissimum
2082 522 2224 569 esse
2272 499 2684 573 audiendum

542 621 795 703 negant
828 633 845 676 ε
888 607 1141 704 quippe
1169 608 1511 677 hominem
1552 610 2029 704 antiquarium,
2049 611 2164 704 qui
2209 612 2455 706 passim
2496 638 2688 708 paene

431 736 459 749 ·“
538 717 765 788 desitis
802 715 961 788 usus
1012 719 1136 807 sit;
1170 733 1248 789 ut
1292 720 1602 815 inprimis
1647 722 2116 816 cognoscimus
2160 745 2243 790 ex
2285 722 2688 819 fragmentis

536 830 682 923 ejus
719 854 869 923 quae
908 827 1089 923 apud
1126 844 1384 903 veteres
1426 832 1900 927 grammaticos
1923 830 2270 926 leguntur.
2309 835 2532 928 Atque
2564 834 2682 904 ad·-

531 937 741 1026 dunt,
784 939 936 1007 ideo
987 962 1139 1007 eum
1180 940 1265 1008 ab
1315 956 1590 1011 auctore
1647 928 1900 1038 dialogi
1941 942 2024 1010 de
2069 942 2286 1012 causis
2345 960 2682 1038 eorruptae

538 1048 967 1143 eloquentiae,
1008 1074 1145 1124 una
1186 1074 1341 1157 cum
1380 1053 1666 1123 Sisenna
1701 1051 2134 1122 annumerari
2171 1050 2331 1143 illis,
2365 1053 2484 1148 qui
2521 1078 2679 1125 cum

536 1161 852 1253 antiquo,
892 1178 1095 1253 quam
1149 1185 1305 1231 cum
1351 1186 1491 1233 aevo
1550 1188 1674 1233 suo
1730 1161 1916 1256 loqui
1965 1158 2376 1231 maluissent.
2420 1164 2684 1257 Nempe
2775 1156 2784 1162 “

524 1268 766 1339 eodem
796 1267 983 1337 illum
1011 1271 1251 1339 morbo
1276 1270 1608 1343 laborasse
1641 1270 1916 1360 volunt,
1947 1296 2026 1341 ac
2060 1270 2436 1366 principem
2455 1271 2683 1340 'histo-

523 1381 823 1449 ricorum
859 1380 1176 1475 Crispum
1210 1380 1637 1478 Sallustium,
1673 1384 1792 1478 qui
1823 1396 1891 1453 et
1930 1381 2073 1477 ipse
2107 1383 2312 1451 veteri
2349 1383 2683 1477 epigram-

520 1506 701 1560 mate
729 1489 1105 1578 incessitur,
1132 1492 1315 1586 quod
1343 1494 1544 1565 verba
1581 1518 1700 1563 sua
1741 1492 2102 1587 sublegerit
2121 1490 2366 1561 Porcio
2393 1493 2678 1578 Catoni3

524 1602 717 1695 cujus
757 1600 965 1669 dictio
999 1600 1167 1671 dura
1196 1628 1273 1671 ac
1296 1604 1571 1674 horrida
1597 1602 1978 1689 ,Ciceronis
1995 1601 2193 1670 etiam
2219 1598 2502 1693 judici0‚
2527 1600 2676 1669 fuit.

522 1715 749 1806 Atque
783 1711 969 1779 hunc
993 1710 1065 1779 in
1094 1713 1374 1783 modum
1402 1716 1738 1785 disserunt
1763 1712 1897 1800 illi,
1933 1711 2050 1807 qui
2080 1712 2135 1779 si
2171 1735 2310 1778 non
2349 1710 2532 1779 aliud
2559 1736 2682 1780 vo-

519 1820 693 1910 lunt,
708 1848 913 1917 quam
932 1846 1133 1893 aurea
1160 1838 1381 1912 aetate,
1396 1850 1600 1920 quam
1615 1825 1780 1913 dixi,
1791 1824 2041 1894 oratori
2060 1846 2167 1890 ma
2175 1822 2236 1917 gi
2243 1824 2675 1894 sconvenisse

516 1930 890 2006 dictionem
920 1938 1263 2010 Ciceronis
1275 1936 1378 2005 vel
1403 1936 1706 2023 Coesaris,
1741 1932 2171 2030 quamPlauti
2195 1947 2262 2000 et
2279 1931 2632 2026 aequalium
2655 1988 2674 2019 ,

517 2045 833 2136 equidem
854 2047 1093 2118 lubens
1118 2049 1197 2118 iis
1222 2046 1580 2141 suffragor.
1593 2048 1768 2116 Nam
1783 2043 1988 2115 Tullii
2016 2041 2434 2138 temporibus
2453 2066 2676 2113 sermo

512 2169 707 2225 vetus
743 2157 1033 2228 multum
1056 2165 1210 2229 'erat
1246 2172 1548 2228 mutatus
1587 2184 1604 2227 ε
1645 2156 1901 2227 oratori
1947 2169 2209 2240 autem,
2245 2154 2356 2221 c'ui
2390 2178 2564 2247 saepe
2599 2157 2674 2225 in
2715 2228 2718 2230 Α

510 2264 768 2358 populo
818 2268 1165 2338 orandum.
1202 2284 1376 2356 erat,
1420 2293 1560 2336 non
1612 2266 1739 2337 alia
1786 2264 2109 2336 utendum
2159 2261 2464 2332 oratione
2505 2264 2672 2339 fuit,

508 2397 711 2466 quam
756 2378 1069 2474 populari
1108 2395 1312 2475 atque
1345 2380 1614 2449 usitata.
1669 2382 1906 2471 quue
1953 2375 2048 2445 sic
2091 2373 2153 2443 ei
2200 2372 2482 2441 Plautus
2525 2390 2674 2445 erat

509 2480 617 2551 lex
655 2484 899 2581 linguae
932 2515 1261 2576 romanae,
1298 2506 1374 2559 ut
1406 2489 1566 2559 lima
1594 2488 1809 2558 eidem
1839 2500 2012 2556 esset
2044 2482 2434 2574 Terentius,
2469 2484 2573 2554 vel
2612 2488 2670 2555 si

508 2595 672 2687 quid
702 2600 1019 2669 Terentio
1055 2615 1203 2670 tum
1250 2599 1497 2669 cultius
1533 2599 1730 2668 foret.
1795 2601 2028 2689 Quare
2058 2609 2135 2664 ut
2173 2590 2400 2665 Plauti
2445 2609 2675 2681 aetate,

506 2706 721 2774 Musae
750 2706 894 2803 (sic
928 2735 1118 2780 more
1144 2726 1445 2780 veterum
1485 2708 1673 2803 loqui
1711 2706 1988 2801 liceat),
2015 2728 2322 2777 sermone
2356 2730 2496 2773 non
2531 2702 2672 2773 alio

511 2838 732 2885 usurae
756 2834 979 2905 erant,
1008 2845 1211 2914 quam
1249 2819 1507 2907 Plauti3
1548 2820 1640 2888 ita
1673 2817 1894 2887 dicere
1923 2816 2147 2901 liceat,
2175 2813 2470 2885 Terentii
2499 2828 2670 2881 tem-

508 2926 789 3021 poribus
803 2930 1212 3000 Terentiano
1240 2954 1426 2998 more
1446 2929 1846 3025 loquutur-as
1879 2926 2079 2996 fuisse
2097 2980 2116 3013 ,
2146 2950 2225 2995 ac
2260 2938 2455 2993 aetate
2477 2926 2674 2995 Cice*

504 3035 693 3105 ronis
721 3052 789 3106 et
817 3041 1125 3127 Caesari8‚
1145 3042 1200 3109 si
1229 3063 1606 3109 sermonem
1637 3064 1794 3108 cum
1805 3038 2130 3109 Romanis
2153 3058 2374 3105 serere
2395 3031 2668 3122 vellent,

504 3143 749 3233 Tullii,
773 3152 1050 3219 Caesaris
1086 3166 1153 3220 et
1180 3149 1540 3244 aequalium
1568 3173 1791 3234 more,
1827 3148 1897 3215 id
1933 3146 2136 3217 fuisse
2171 3133 2481 3214 facturas.
2518 3146 2666 3215 Nee

503 3256 682 3323 enim
714 3257 988 3330 dearum
1018 3264 1136 3351 (ut
1168 3262 1263 3331 sic
1294 3259 1554 3355 dicam)
1575 3259 1810 3328 fuisset
1839 3256 2161 3326 incultius
2192 3255 2422 3350 loqui,
2453 3277 2662 3349 quam

502 3364 857 3437 hominum
886 3368 1393 3467 elegantiorum.
1414 3374 1504 3441 At
1524 3372 1679 3465 quis
1702 3370 1915 3438 nescit
1939 3392 2143 3436 aurea
2157 3367 2404 3436 horum
2433 3380 2660 3469 aetate,

498 3479 711 3571 magis
745 3480 1073 3550 excultam
1112 3483 1315 3553 fuisse
1349 3481 1651 3575 linguam
1694 3502 2077 3565 romanam,
2119 3502 2324 3571 quam
2361 3476 2660 3545 secundo

498 3586 677 3657 bello
716 3592 1011 3681 Punico,
1054 3618 1264 3687 quum
1307 3596 1518 3662 Musae
1555 3592 1629 3661 in
1673 3590 1828 3661 rudi
1875 3589 1990 3659 illa
2035 3601 2104 3657 et
2139 3587 2345 3656 effera
2380 3585 2657 3657 Romuli

498 3713 698 3792 gente
730 3701 970 3794 pedem
1004 3704 1302 3798 primum
1341 3702 1770 3798 posuissent?
1815 3699 1948 3772 Sed
1980 3700 2107 3769 ista
2139 3696 2296 3767 licet
2325 3697 2658 3767 fateamur

495 3831 634 3876 non
687 3808 932 3899 inviti,
1000 3837 1135 3883 non
1176 3829 1401 3885 tamen
1442 3812 1768 3910 consequi
1805 3836 1888 3880 ex
1938 3810 2020 3878 iis
2066 3823 2382 3905 putamus
2407 3861 2427 3893 ,
2468 3805 2656 3900 quod

492 3915 808 4017 colligere
854 3921 1013 3995 hinc
1045 3939 1397 3993 conantur.
1430 3923 1637 4013 Quod
1674 3937 1751 3992 ut
1785 3920 2038 4018 liqueat
2068 3920 2320 4013 magis,
2349 3918 2480 3987 tria
2505 3912 2650 3985 hssaec

492 4043 795 4125 tempora
829 4031 1316 4133 distinguemus
1344 4061 1361 4104 ε
1403 4033 1610 4123 illud,
1644 4057 1782 4132 quo
1809 4030 2086 4103 Plautus
2122 4028 2285 4117 fuit3
2323 4024 2608 4097 alterurn
2629 4077 2649 4111 ,
