3067 5017
526 303 669 378 368
1304 298 1906 387 ramulum,

518 430 648 501 Sed
684 427 848 495 dum
884 422 983 491 illi
1018 433 1377 516 aegrotant,
1412 420 1685 488 interim
1729 445 1950 489 mores
1985 420 2184 509 mali,

517 540 730 631 Quasi
775 534 985 604 herba
1022 532 1321 625 inrigua,
1366 532 1850 599 subcreverunt
1887 530 2288 620 uberrume3

513 655 752 744 Neque
788 645 1157 740 quidquam
1193 641 1357 711 hinc
1383 639 1513 709 vile
1553 667 1735 711 nunc
1765 656 1902 729 est,
1945 643 2076 710 nisi
2117 668 2333 712 mores
2369 642 2554 712 mali.
2628 677 2680 701 ιο

515 767 772 832 Eorum
812 756 968 825 licet
994 754 1137 849 jam
1178 776 1458 821 messem
1496 767 1747 821 metere
1781 776 2208 840 maxumam,

515 870 884 963 Nimioque
918 865 1071 932 heic
1103 861 1319 957 pluris
1362 864 1756 956 pauciorum
1797 852 2093 957 gratiani

508 980 795 1050 Faciunt
830 1000 984 1069 pars
1020 973 1407 1058 hominum,
1440 998 1645 1066 quam
1689 973 1796 1060 id,
1833 974 2018 1068 quod
2053 975 2265 1069 prosit
2305 973 2632 1070 pluribus,

512 1094 619 1159 Ita
655 1090 937 1157 vincunt
977 1082 1147 1154 illud
1190 1081 1618 1153 conducibile
1667 1084 1938 1178 gratiae3

516 1201 687 1288 Quae
720 1200 791 1267 in
832 1196 1032 1266 rebus
1072 1192 1303 1263 multis
1340 1192 1648 1281 obstant,
1687 1193 2067 1287 odiosaeque
2113 1209 2314 1283 sunt,
2619 1215 2669 1255 ιε

512 1310 1005 1399 Remoramque
1042 1302 1302 1373 faciunt
1348 1303 1444 1371 rei
1487 1302 1761 1396 privatae
1803 1316 1870 1371 et
1905 1301 2207 1396 publicae.

969 1546 1427 1639 SCENA
1503 1547 2195 1639 SEUCNDA.

949 1779 1447 1850 CALLICLES
1463 1831 1483 1865 ,
1526 1773 2229 1852 MEGARONID'ES.

510 2000 712 2049 CALL.
754 1976 998 2043 Larem
1032 1994 1283 2039 corona
1325 1984 1634 2038 nostrum
1679 1970 1981 2040 decorari
2024 1971 2199 2041 volo.

513 2092 734 2171 Uxor,
777 2070 1135 2166 venerare,
1177 2093 1254 2147 ut
1288 2080 1485 2148 nobis
1526 2080 1667 2148 haec
1700 2080 2030 2150 habitatio

511 2202 735 2278 Bona,
778 2192 1035 2277 fausta,
1068 2186 1261 2276 felix,
1299 2189 1779 2284 fortunataque
1818 2192 2127 2280 eveniat3

508 2313 739 2401 Teque
776 2318 853 2371 ut
889 2326 1091 2396 quam
1130 2301 1421 2395 primum
1462 2302 1715 2393 possim
1743 2353 1762 2389 ,
1807 2301 2070 2370 videam
2115 2316 2511 2373 emortuam.

501 2440 677 2489 MEG.
713 2412 842 2481 Hic
886 2409 1000 2479 ille
1036 2424 1174 2494 est,
1225 2424 1489 2478 senecta
1525 2406 1721 2479 aetate
1756 2413 1871 2506 qui
1913 2410 2173 2480 factu’st
2217 2436 2404 2506 puer,
2637 2436 2660 2473 ⁵

504 2527 644 2619 Qui
689 2521 956 2594 admisit
992 2522 1064 2590 in
1108 2545 1177 2589 se
1214 2519 1479 2612 culpam
1518 2520 1997 2615 castigabilem.

501 2632 876 2730 Adgrediar
916 2630 1288 2699 hominem.
1332 2652 1542 2701 cam..
1591 2631 1818 2724 Quoja
1855 2657 1986 2701 vox
2019 2657 2240 2727 prope·
2269 2657 2378 2701 me
2415 2633 2661 2702 sonat?

500 2771 677 2819 MEG.
718 2744 849 2815 Tui
880 2739 1337 2810 benevolentis
1364 2793 1384 2826 ‚
1424 2741 1478 2808 si
1518 2740 1612 2809 ita
1645 2765 1754 2831 eS,
1800 2755 1877 2809 ut
1912 2766 2037 2837 ego
2073 2742 2270 2830 volo;

584 2957 609 2991 1
625 2957 677 2990 α.
693 2936 948 3003 Nimiaque
967 2933 1069 2984 heic
1084 2932 1259 3002 pluris.
1280 2932 1408 2984 Pars
1432 2932 1534 2984 ho·
1622 2934 2002 3004 prolabantur,
2018 2936 2211 2989 ominis
2226 2954 2378 2989 causa
2398 2947 2630 2989 sumtum
2643 2974 2660 3001 ,

500 3018 712 3071 minum
739 3014 911 3067 multo
932 3013 1137 3067 mavult
1153 3011 1374 3082 gratiam
1396 3012 1534 3064 inire
1631 3038 1655 3061 α
1686 3012 1835 3085 quod
1882 3014 2117 3073 bonum,
2174 3016 2436 3081 faustum,
2492 3015 2650 3079 felix,

502 3116 533 3151 a
572 3093 944 3169 paucioribus,
973 3092 1287 3164 potentibus
1331 3091 1536 3145 scilicet
1626 3093 2066 3165 fortunatumque
2113 3096 2184 3148 sit
2209 3121 2258 3149 ι.
2307 3096 2468 3149 Lares
2513 3097 2656 3165 ejus·

502 3189 557 3230 et
578 3174 869 3237 divitibus,
897 3191 1061 3243 quam
1081 3171 1323 3243 pluribus,
1352 3169 1411 3223 id
1430 3183 1532 3239 est,
1624 3171 1771 3225 modi
1815 3172 1993 3227 floreis
2031 3176 2186 3228 sertis
2224 3174 2534 3240 redimitos,
2557 3174 2652 3227 Ti·

494 3256 632 3326 reip.
660 3252 933 3325 prodesse.
958 3252 1144 3305 Lana.
1624 3252 1807 3307 bullus
1852 3255 1949 3309 lib.
1989 3255 2078 3318 ΙΙ,
2110 3256 2178 3308 el.
2216 3273 2265 3321 1,
2301 3267 2499 3308 ornatos
2540 3255 2655 3307 deos

590 3355 611 3388 1
624 3375 637 3389 .
654 3336 827 3387 Lae-em
847 3350 1040 3384 corona.
1070 3330 1315 3385 Callicles
1340 3335 1525 3384 absen·
1622 3345 1794 3387 vocat.
1813 3333 2044 3388 Tanau.

493 3414 563 3468 tis
588 3414 748 3467 amici
776 3409 1079 3466 Charmide
1097 3410 1342 3474 domum,
1364 3429 1525 3481 quam
1710 3432 1762 3465 α.
1799 3414 2060 3467 Veneram.
2089 3414 2286 3468 Bacch.
2303 3416 2394 3479 11,
2427 3433 2482 3478 1,
2510 3420 2566 3477 4.

492 3505 695 3547 emerat
714 3489 1526 3560 aLesbonicofilio,immig1-ans
1709 3498 1763 3555 4.
1802 3493 1963 3563 Teque
1993 3506 2074 3558 eet,
2119 3506 2221 3547 etc.
2255 3493 2397 3547 Vide
2437 3495 2652 3547 Asinar.

492 3572 713 3625 mandat
780 3571 968 3636 uxori,
1042 3583 1104 3623 ut
1167 3568 1521 3623 domesticum
1621 3572 1697 3636 V,
1732 3591 1791 3640 2,
1823 3571 1920 3626 36.

494 3651 687 3716 deum,
730 3651 821 3721 qui
854 3663 1031 3705 custos
1066 3648 1260 3703 aedium
1294 3649 1525 3703 habeba·
1703 3650 1978 3705 5.Senecta
2001 3665 2160 3705 atate.
2187 3654 2268 3706 Ita
2289 3666 2525 3705 senectam
2547 3674 2654 3705 cor-

493 3744 601 3795 tur,
632 3742 852 3783 exornet
878 3748 1106 3793 corona3
1138 3747 1256 3799 quae
1299 3727 1518 3799 quidem
1609 3750 1705 3801 pus
1720 3730 1854 3784 dixit
1873 3732 2088 3787 Sallust.
2115 3734 2250 3786 Hist.
2269 3735 2373 3798 IV,
2393 3748 2450 3788 et
2463 3746 2650 3786 senecta

490 3811 553 3863 in
579 3811 733 3863 Latio
756 3829 787 3863 e
806 3811 961 3881 spicis
985 3821 1039 3861 et
1058 3808 1260 3871 aristis,
1283 3808 1341 3861 in
1365 3808 1518 3861 Grae·
1615 3811 1824 3863 membra
1840 3851 1856 3877 ,
1885 3814 2105 3867 Lucret.
2138 3814 2244 3867 111.
2272 3812 2418 3866 Vide
2448 3814 2649 3885 Amph.

495 3890 577 3943 cia
620 3910 651 3943 e
687 3891 903 3961 platano
940 3889 1140 3942 fiebat:
1184 3906 1419 3959 eumque
1465 3900 1526 3940 ut
1613 3890 1717 3953 IV,
1749 3912 1802 3945 α.

487 3982 759 4039 precetur,
795 3970 951 4023 istam
977 3970 1215 4022 fortunet
1238 3968 1524 4021 habitatio·
1697 3973 1751 4024 8.
1783 3972 1884 4024 Tm·
1901 3973 2232 4027 benevolentis.
2260 3973 2420 4028 conf.
2451 3973 2645 4027 Bacch.

486 4068 635 4111 nem.
693 4049 855 4115 Quod
914 4069 981 4103 ex
1038 4049 1268 4103 formula
1286 4086 1302 4112 ,
1356 4066 1519 4118 quam
1611 4051 1730 4116 111,
1774 4050 1835 4119 3,
1872 4070 1964 4121 7¹·
