3067 5017
841 433 1172 504 ACTUS
1219 429 1759 521 1V3'SCENA
1808 437 1907 503 11.
2311 434 2459 520 [423

299 559 431 631 Sed
469 556 639 628 nihil
693 555 1116 626 disconducit
1168 559 1328 627 huic
1389 558 1516 628 rei.2
1562 557 1748 647 Quid
1802 555 1936 626 ais?
2005 557 2465 648 srcsQuidi'

596 651 868 737 cuium.
914 670 1064 736 Hoc
1106 682 1172 736 te
1211 693 1377 762 rogo
1401 693 1424 736 τ
2410 690 2471 731 ⁸⁵.

301 781 494 869 Quos
531 775 712 846 locos
753 777 953 846 adisti
985 776 1014 845 Ξ)
1053 801 1197 848 εῖο.
1242 779 1549 874 Nimium
1592 779 1781 846 miris
1816 777 2031 847 modis
2069 777 2455 851 mirabilei'S.

301 913 581 959 cuum.
617 889 843 958 Lubet
869 889 1138 978 audire,
1169 891 1296 958 nisi
1326 888 1683 958 molestum
1698 889 1800 960 'st.
1843 915 1987 962 sYc.
2024 892 2214 980 Quin
2246 892 2471 963 discu··

599 1000 714 1093 pio
753 994 999 1067 dicere.

301 1109 626 1178 Omnium
666 1108 995 1203 primum,
1042 1110 1112 1178 in
1149 1112 1445 1178 Pontum
1486 1109 1749 1179 advecti
1796 1110 1887 1178 ed
1933 1111 2251 1180 Arabiam
2316 1125 2463 1184 ter-

603 1243 746 1286 ram
785 1239 1063 1290 sumus:

301 1351 578 1399 cuium.
614 1325 795 1398 Eho!
817 1353 904 1396 an
941 1330 1144 1398 etiam
1172 1327 1514 1398 Arabia'st
1552 1330 1623 1396 in
1656 1327 1924 1420 Ponto?
1946 1353 2095 1400 stc,
2126 1333 2288 1419 Est3
2325 1356 2462 1400 non

599 1436 800 1526 illaec,
845 1440 963 1507 ubi
1009 1455 1117 1508 tus
1156 1440 1487 1534 gignitur,

317 1548 447 1618 Sed
485 1548 604 1616 ubi
643 1537 1054 1618 absinthium
1097 1549 1198 1634 fit,
1235 1566 1440 1643 atque
1475 1547 1708 1618 cunila
1747 1546 2137 1643 gallinacea.
2419 1585 2473 1625 ⁹0

311 1683 598 1730 CHARM.
651 1660 953 1730 Nimium
995 1661 1396 1755 graphicum
1446 1659 1632 1728 hunc
1697 1656 2131 1754 nugatorem!
2184 1659 2297 1728 sed
2342 1683 2485 1756 ego-

604 1793 750 1838 sum
792 1771 1247 1865 insipientior,

308 1880 449 1970 Qui
507 1895 812 1975 egomet,
874 1880 1055 1950 unde
1113 1881 1383 1950 redeam
1415 1934 1434 1968 ‚
1495 1881 1683 1950 hunc
1740 1881 2067 1975 rogitem,
2134 1907 2286 1976 quae
2328 1893 2469 1977 'ego

598 1981 842 2075 sciam,
885 2007 1088 2086 atque
1135 1992 1246 2061 hic
1293 1992 1558 2062 nesciat
1595 2017 1612 2059 t

307 2095 456 2171 Nisi
489 2100 648 2194 quia
686 2097 874 2169 lubet
911 2101 1235 2196 experiri,
1275 2127 1414 2195 quo
1451 2099 1822 2170 evasuru'st
1858 2099 2181 2194 denique.-
2250 2113 2257 2118 “

304 2211 497 2300 Quid
533 2225 630 2280 est
671 2211 792 2279 tibi
821 2235 1106 2296 nomen,
1141 2209 1587 2282 adulescens?
1608 2233 1756 2280 stc.
1787 2213 1925 2278 Pax
1946 2209 2074 2296 ,.id·
2095 2223 2193 2278 est
2222 2231 2471 2285 nomen

608 2320 817 2388 mihi:
2048 2398 2057 2414 δ

309 2428 458 2499 Hoc
487 2430 1016 2500 cotidianum'st.
1035 2453 1312 2500 CHARM.
1340 2428 1625 2523 Edepol,
1646 2453 1901 2498 nomen.
1920 2429 2387 2524 nugatorium:
2418 2447 2471 2500 9⁵

311 2541 525 2629 Quasi
563 2541 780 2625 dicaS,
808 2540 1051 2634 siquid
1084 2541 1485 2610 crediderim
1521 2540 1682 2623 tibi,
1724 2563 1851 2633 pax
1880 2536 1896 2608 !
1932 2540 2209 2632 periisse
2240 2538 2470 2609 inlice.

314 2650 445 2720 Sed
473 2649 636 2744 quid
673 2650 812 2719 ais?
845 2652 1006 2740 Quo
1057 2650 1214 2719 inde
1254 2651 1389 2719 iisti
1426 2649 1687 2744 porro?
1716 2672 1873 2719 sYc.
1906 2650 1980 2718 si
2011 2650 2313 2718 animum
2358 2649 2476 2719 ad-

605 2775 860 2847 vortas,
898 2758 1200 2854 eloquar.

311 2867 417 2938 Ad
453 2884 657 2964 caput
688 2873 904 2941 amnis
926 2871 1164 2966 ,quod
1193 2871 1275 2940 de
1315 2869 1476 2941 caelo
1517 2870 1825 2941 exoritur
1856 2871 1984 2939 sub
2016 2869 2187 2940 solio
2214 2871 2424 2941 Jovis.

395 3063 490 3120 85.
520 3053 866 3132 ὒὶςσοηιίαᾶἱε,
895 3067 1032 3120 male
1071 3065 1346 3120 conducit.

313 3143 539 3213 -Qm'd
552 3149 664 3198 ais?
691 3149 868 3200 Aulul.
895 3149 996 3212 IV.
1029 3167 1060 3216 9
1079 3184 1092 3205 2
1132 3166 1185 3217 7·

397 3243 487 3292 9⁰·
548 3225 726 3279 Camila
783 3229 1080 3297 gallinacea.
1161 3225 1345 3282 Κονίλη

313 3321 486 3374 grace
513 3305 829 3376 origanun13
857 3307 1005 3362 unde
1031 3305 1238 3360 Latinis
1265 3325 1349 3358 eu·

318 3384 424 3434 m'la
456 3397 508 3435 et
534 3385 713 3440 conila.
742 3385 906 3439 Unde
932 3388 1091 3440 cottila
1126 3385 1307 3438 bubula
1326 3426 1343 3450 ,

201 3519 206 3522 ,
314 3463 346 3520 ἡ
401 3463 682 3528 βουκονίλη,
726 3466 811 3518 vel
870 3469 1044 3532 βοὺτης
1097 3462 1350 3538 ὀρίγανοξ,

317 3538 470 3611 quod
495 3544 660 3595 boves
693 3563 722 3596 a
750 3546 926 3598 scabie
956 3565 1112 3602 sanos
1141 3556 1351 3616 prasta-

317 3632 416 3674 ret.
444 3621 532 3674 Sic
557 3624 703 3684 ὀνῖτις
727 3626 975 3696 ὀρίγανος,
1003 3627 1166 3678 cunila
1192 3628 1356 3677 asina-

320 3703 427 3761 ria,
453 3701 524 3752 ab
547 3701 731 3756 eadem
758 3705 976 3758 fortasse
993 3725 1146 3759 causa
1164 3743 1180 3768 ,
1203 3703 1354 3774 quod

319 3780 589 3832 asinorum
619 3783 847 3837 scabiem
876 3784 1205 3838 emendaret.
1238 3784 1354 3837 Alia

320 3860 426 3912 fuit
448 3863 608 3914 cottila
628 3863 930 3932 gallinacea,
952 3865 988 3917 i.
1005 3883 1052 3917 e.
1070 3865 1353 3932 origanum

320 3939 693 4011 gallinaceum.
711 3944 916 3997 Plinius
932 3943 1072 3997 Hist.
1091 3943 1210 3996 Nat.
1234 3967 1256 3989 ι
1282 3955 1360 3996 est

318 4021 424 4074 alia
500 4022 679 4075 cunila
742 4025 1036 4095 gallinacea
1097 4022 1358 4094 appellata

321 4100 520 4154 nostris
535 4138 550 4164 ,
607 4103 812 4158 Graecis
863 4105 1144 4176 origanum
1203 4103 1357 4154 here·

321 4178 610 4236 cleoticum
635 4209 656 4230 a·
671 4223 683 4236 .
701 4185 866 4239 Forte
888 4183 1036 4257 quod
1063 4183 1190 4256 galli
1217 4182 1361 4254 galli-

1437 3064 1592 3120 nacei
1624 3083 1811 3118 semen
1842 3065 1960 3136 ejus
1994 3077 2271 3136 appetant.
2300 3065 2477 3118 Sunt.

1520 3149 1615 3216 96.
1640 3145 1753 3196 Pax
1775 3148 1977 3215 periisse
2004 3145 2165 3198 inlice.
2190 3144 2315 3197 Non
2342 3163 2480 3224 <39⁰⁸

1439 3237 1518 3278 est
1544 3239 1603 3278 ut
1625 3225 1729 3277 hoc
1752 3223 1877 3276 loco
1899 3222 2164 3278 scribatur
2186 3237 2276 3274 tax
2293 3262 2307 3289 ,
2329 3221 2480 3295 quod

1438 3305 1613 3358 visum
1636 3303 1913 3358 salmasio.
1940 3305 2081 3366 Pas,
2116 3317 2177 3360 ut
2208 3322 2370 3374 supra
2400 3304 2481 3361 in·

1438 3384 1764 3448 dicavimus,
1790 3381 1855 3436 ad
1882 3384 2000 3437 Mil.
2024 3385 2129 3447 111,
2161 3401 2212 3447 1,
2239 3403 2305 3437 21
2326 3402 2376 3448 x,
2395 3383 2481 3436 in·

1444 3464 1689 3533 terjectio
1728 3477 1807 3516 est
1839 3464 1999 3516 finem
2035 3462 2364 3534 imponentis
2392 3463 2480 3516 vel

1443 3544 1719 3598 silentium
1781 3543 2037 3614 jubentis.
2084 3544 2229 3596 Tum
2278 3541 2485 3597 indicat

1443 3643 1555 3677 non
1586 3641 1697 3677 esse
1722 3624 1984 3693 amplius,
2026 3621 2176 3694 quod
2198 3621 2267 3675 de
2300 3641 2361 3676 ea
2386 3642 2443 3676 re
2459 3658 2478 3687 ‚

1442 3703 1515 3757 de
1548 3723 1658 3775 qun
1694 3721 1875 3756 sermo
1914 3716 2022 3767 est,
2054 3702 2225 3768 dicas,
2267 3719 2381 3754 rem
2411 3700 2481 3756 nd

1442 3783 1608 3836 finem
1652 3781 1969 3854 perductam
2021 3799 2149 3835 esse.
2202 3782 2290 3835 sic
2335 3779 2483 3852 apud

1441 3865 1665 3916 Terent.
1702 3864 1893 3916 Heaut.
1922 3862 2006 3925 11,
2037 3862 2099 3925 3,
2131 3861 2236 3927 50,
2277 3862 2379 3924 IV,
2410 3863 2442 3916 3
2464 3897 2482 3925 ,

1449 3943 1545 4010 39.
1590 3941 1761 4012 Igitur
1798 3942 1905 3994 hoc
1948 3940 2078 3994 dicit
2120 3939 2439 3996 Charmides
2464 3963 2479 3994 t

1448 4023 1662 4074 Nomen
1690 4033 1844 4074 tuum
1872 4021 1949 4073 sic
1982 4040 2080 4091 ego
2117 4020 2481 4092 interpretor,

1449 4101 1598 4172 quasi
1623 4101 1762 4172 quis,·
1781 4119 1947 4174 quum
1968 4101 2297 4172 tibialiquid
2314 4099 2487 4155 credi·

1451 4180 1563 4247 dit,
1605 4179 1751 4235 dicet
1777 4201 1790 4234 τ
1816 4181 1940 4236 finis
1967 4193 2069 4249 eet,
2106 4182 2284 4254 periit.
2312 4181 2492 4237 Iani».
