3067 5017
871 396 1206 465 ACTUS
1256 396 1382 482 IV,
1432 396 1783 465 SCENA
1836 398 1985 465 111.
2081 394 2088 402 ’
2360 392 2501 467 265

339 548 612 596 TRACH.
634 525 820 609 Eho,
854 524 1060 593 modo
1091 540 1189 593 est
1217 550 1440 620 operae
1470 528 1766 622 pretium
1802 527 1988 623 quod
2023 528 2146 596 tibi
2186 552 2311 625 ego
2344 553 2497 597 nar-

639 660 792 705 rare
829 633 1008 705 volo.

337 770 537 818 anm.
578 746 942 841 Eloquere,
972 746 1132 842 quid
1167 746 1238 815 id
1271 748 1420 818 est?
1454 772 1717 821 TRAcu.
1754 749 1928 819 Vide
1959 774 2123 819 num
2164 749 2497 845 quispiam

633 858 1071 952 consequitur
1109 882 1322 951 prope
1361 884 1504 928 nos,

335 992 538 1039 emp.
573 968 835 1062 Ecquid
866 981 966 1035 est
1001 966 1185 1061 q‘uod
1225 992 1368 1037 mea
1407 967 1705 1038 referat?
1738 990 2000 1039 Tuaen.
2029 969 2296 1041 Scilicet
2329 995 2347 1038 ε
2380 968 2495 1038 sed

635 1079 802 1147 boni
838 1077 1096 1147 consili·
2251 1167 2272 1179 ο

336 1187 607 1283 Ecquid
635 1188 705 1256 in
739 1203 806 1256 te
843 1187 1011 1257 mihi
1046 1189 1197 1258 est?
1235 1214 1427 1261 Gau».
1461 1188 1651 1280 Quid
1686 1189 1916 1285 negoti
1947 1205 2081 1277 est,
2123 1188 2324 1258 modo
2361 1188 2492 1261 dic.

636 1318 900 1369 TnAcH.
922 1300 1184 1369 Dicam.
1246 1311 1254 1318 '

335 1412 549 1495 Tace,
589 1410 646 1477 si
683 1408 886 1477 fidem
923 1408 1124 1478 modo
1166 1409 1284 1479 das
1325 1407 1492 1478 mihi
1529 1425 1597 1479 te
1632 1435 1771 1478 non
1806 1409 1950 1480 fore
1985 1408 2293 1478 infidum.

339 1542 532 1589 GRIP.
564 1521 678 1588 Do
701 1518 903 1587 fidem
933 1517 1055 1587 tibi
1078 1572 1097 1605 ‚
1126 1518 1302 1589 fidus
1327 1544 1474 1605 erc,
1502 1520 1807 1614 quisquis
1838 1544 1931 1589 es.
1970 1540 2239 1589 Tama.
2274 1516 2486 1586 Audi:

637 1629 895 1698 furtum
935 1654 1060 1723 ego
1105 1628 1260 1725 vidi⁹

343 1740 478 1829 Qui
517 1738 849 1809 faciebat:
879 1765 1242 1834 gnoveram
1258 1740 1632 1830 dominum,
1658 1738 1727 1807 id
1764 1740 1929 1835 quoi
1966 1740 2201 1825 fiebat3
2231 1752 2383 1833 post
2410 1734 2495 1804 ad

343 1852 585 1917 Furem
615 1863 882 1943 egomet
907 1848 1186 1918 devenio
1203 1904 1222 1941 ‚
1238 1850 1519 1943 feroque
1544 1851 1604 1919 ei
1622 1850 2077 1920 conditionem
2098 1851 2229 1918 hoc
2252 1862 2487 1943 pacto:

343 1963 482 2055 Ego
515 1960 692 2029 istuc
723 1960 979 2028 furtum
1009 1960 1148 2028 scio
1171 1960 1332 2055 quoi
1362 1960 1615 2029 factum
1636 1960 1752 2047 ,’st;
1782 1986 1965 2029 nunc
1992 1960 2160 2029 mihi
2188 1960 2244 2027 si
2277 1958 2374 2027 vis

344 2073 518 2139 Dare
542 2069 897 2140 dimidium
918 2124 938 2153 ‚
962 2070 1287 2141 indicium
1308 2070 1585 2139 domino
1604 2096 1741 2139 non
1762 2071 2019 2141 faciam.
2038 2074 2104 2141 Is
2128 2070 2296 2137 mihi
2325 2064 2495 2135 nihil

345 2181 558 2250 Etiam
585 2180 967 2276 respondit.
995 2180 1157 2274 quid
1184 2182 1340 2251 inde
1360 2207 1624 2275 aequom
1634 2179 1713 2250 ’st
1733 2182 1877 2251 dari
1908 2182 2119 2251 mihi?
2138 2178 2495 2249 dimidium

346 2291 514 2361 Volo
543 2307 620 2361 ut
642 2292 844 2361 dicas.
881 2316 1074 2363 emp.
1099 2296 1281 2379 Imo,
1312 2291 1572 2381 hercle,
1594 2293 1793 2361 etiam
1824 2291 2144 2386 amplius,
2175 2316 2331 2359 nam
2361 2288 2496 2358 nisi

636 2402 790 2488 dat,
815 2402 1104 2472 domino
1143 2404 1517 2473 dicundum

342 2516 623 2583 Censen.
641 2537 910 2583 TRACH.
916 2517 1064 2584 Tuo
1080 2514 1360 2583 consilio
1377 2513 1621 2583 faciam
1642 2540 1657 2583 ε
1678 2536 1859 2581 nunc
1876 2510 2153 2580 advorte
2165 2509 2493 2594 animum3

340 2626 645 2719 Namque
676 2624 808 2692 hoc
835 2624 1096 2693 adtinet
1130 2649 1331 2693 omne
1359 2623 1445 2692 ad
1473 2638 1561 2693 te.
1602 2646 1795 2693 GRIP.
1836 2620 2025 2711 Quid
2063 2634 2163 2689 est
2195 2618 2492 2689 factum?

635 2758 900 2803 TRAcn.
944 2733 1273 2804 Vidulum

343 2846 590 2929 Istum,
657 2844 904 2937 q'uojus
942 2843 1054 2912 ille
1085 2859 1217 2932 est,
1265 2844 1466 2939 gnovi
1518 2867 1645 2937 ego
1682 2841 2027 2911 hominem
2068 2837 2497 2934 jampridem.

641 2979 832 3026 GRIP.
875 2954 1060 3045 Quid
1099 2956 1250 3025 est?

345 3088 605 3135 TaAcH.
635 3069 734 3136 Et
770 3091 904 3159 quo
941 3080 1140 3160 pacto
1179 3064 1400 3160 periit.
1441 3088 1637 3134 GRIP.
1680 3066 1771 3132 At
1808 3086 1933 3157 ego
1974 3083 2112 3155 quo
2153 3072 2351 3153 pacto
2391 3058 2495 3125 in-

635 3174 862 3245 ventu’
864 3190 925 3245 st
968 3176 1143 3263 εοίο,
2446 3190 2497 3229 ²⁵

345 3286 424 3353 Et
473 3285 594 3379 qui
640 3284 939 3372 invenit,
985 3283 1333 3355 hominem
1376 3282 1626 3379 gnovi;
1674 3297 1741 3351 et
1792 3280 2104 3350 dominus
2146 3280 2263 3373 qui
2314 3302 2497 3347 nunc

636 3409 774 3484 est,
815 3396 975 3465 scio.

341 3616 452 3675 post
469 3606 681 3675 loquere.
701 3604 788 3656 Ab
814 3602 1060 3659 Acidalio
1089 3604 1194 3657 hoc
1221 3621 1370 3658 acce·
1457 3614 1559 3656 etc.
1584 3601 1732 3655 Num
1764 3614 1815 3655 te
1846 3598 2211 3655 consiliarium
2246 3598 2483 3669 probum

346 3684 422 3755 pit
451 3684 736 3738 Gruterus.
774 3685 910 3739 MSS
943 3697 999 3738 et
1029 3684 1252 3755 vulgatae
1281 3703 1374 3737 an·
1456 3682 1671 3735 habebo
1690 3688 1715 3733 i>

345 3777 463 3817 tm:
515 3782 654 3817 «ra.
698 3765 804 3829 At,
846 3764 973 3836 pol,
1013 3765 1145 3835 quin
1189 3762 1372 3816 audies
1548 3768 1639 3825 14.
1688 3762 1846 3825 Tace,
1889 3759 2031 3813 audi.
2076 3790 2156 3802 —
2207 3758 2267 3811 Si
2312 3757 2494 3822 modo,

343 3857 476 3914 post.
513 3846 612 3897 eri.
653 3844 820 3909 Quin'
841 3844 1136 3916 loqueren.
1181 3844 1368 3895 Putem
1460 3840 1759 3895 dummodo
1783 3839 2113 3922 pollicearis,
2132 3850 2234 3892 etc.

343 3924 535 3977 fuisse:
577 3942 710 3976 nra.
741 3924 841 3989 At,
865 3924 988 3995 pol,
1017 3924 1149 3995 quin
1173 3921 1369 3977 audies.
1548 3922 1638 3973 23.
1657 3921 1893 3974 Vidulum
1912 3928 2072 3972 istum.
2092 3918 2379 3972 Comicum
2402 3930 2496 3981 est,

345 4020 436 4057 aa.
466 4004 566 4057 Pol
586 4042 608 4073 ,ι
625 4002 760 4074 quin
790 4003 1079 4073 loquere».
1109 4004 1292 4057 Gnou.
1462 4020 1593 4073 pro,
1626 3999 1953 4072 jampridem
1992 3998 2125 4053 novi
2175 3994 2453 4053 homineni
2478 4028 2495 4053 s

363 4130 375 4137 ,
431 4102 454 4135 1
469 4104 521 4136 τι.
541 4082 758 4136 Scilicet.
773 4082 855 4135 En
872 4084 984 4135 haec
1003 4100 1088 4134 res
1107 4096 1374 4154 est‚quam
1465 4082 1619 4151 cujus
1642 4080 1737 4133 iste
1760 4080 1973 4134 vidulus
1992 4082 2088 4133 es't.
2106 4075 2506 4133 Lamia—vid.

347 4174 398 4215 te
423 4163 559 4216 scire
593 4163 738 4215 volo.
781 4194 858 4205 --
899 4161 1000 4214 Sed
1031 4162 1146 4216 boni
1174 4164 1372 4226 consili,
1466 4158 1631 4231 Epid.
1653 4161 1755 4229 IV,
1784 4181 1835 4213 2.
