3067 5017
602 431 749 529 496
1264 425 2102 510 TRUCULENTUS‚

599 560 889 628 Narrem
925 578 1075 648 quae
1116 551 1292 622 volo,
1332 577 1479 622 nm.
1516 554 1694 620 Nam
1733 549 1895 644 quid
1933 548 2092 618 est?
2123 571 2286 615 num
2321 571 2467 616 mea
2509 544 2764 615 refert?

903 687 1044 734 Asr.
1090 665 1243 735 Non
1283 687 1399 730 mu
1430 688 1447 729 :
1488 661 1603 730 sed

605 784 833 860 IutuS‚
862 772 1052 841 bolos
1077 796 1243 866 quos
1267 769 1407 840 dat!
1441 795 1586 840 υιΝ.
1616 769 1844 861 Quid?
1864 783 2124 837 amator
2151 793 2359 837 novos
2378 765 2762 862 quispiam?

602 913 751 959 Α5Τ.
787 890 1131 977 Integrum
1169 896 1235 949 et
1276 881 1552 975 plenum
1589 879 1856 949 adorta’
1857 895 1918 948 st
1952 879 2366 948 thesaurum.
2407 903 2554 950 nm.
2583 878 2762 969 Quis

900 994 1039 1062 est?
1075 1015 1224 1061 As'r.
1254 990 1586 1085 Eloquar3

602 1105 734 1177 Sed
757 1120 829 1174 tu
851 1117 1089 1173 taceto.
1116 1102 1429 1172 Gnovisti
1456 1117 1578 1169 tun
1582 1100 1798 1186 'hune
1816 1099 2244 1185 Strabacem?
2268 1123 2419 1168 οιΝ.
2439 1098 2760 1187 Quidni?

604 1239 752 1284 As'r.
797 1213 993 1282 Solus
1018 1235 1343 1281 summam
1374 1211 1578 1280 habet
1613 1210 1724 1278 hic
1757 1209 1938 1304 apud
1968 1235 2132 1278 nos:
2173 1234 2354 1279 nunc
2387 1210 2442 1277 is
2473 1223 2572 1278 est
2604 1209 2758 1277 fun-

905 1324 1031 1392 dus
1066 1322 1283 1390 nobis.
2709 1341 2754 1379 ις

604 1435 852 1504 Animo
880 1432 1061 1500 bono
1094 1429 1267 1498 male
1303 1454 1441 1498 rem
1477 1431 1669 1525 gerit.
1711 1453 1857 1499 υιΝ.
1890 1431 2102 1516 Perii,
2130 1429 2387 1516 hercle,
2412 1456 2539 1526 ego
2570 1430 2755 1499 item.

605 1569 755 1614 As‘r.
793 1542 1053 1612 Stultus
1091 1566 1197 1627 eS‚
1230 1542 1343 1635 qui
1379 1540 1556 1609 facta
1589 1540 1832 1608 infecta
1872 1540 2088 1609 facere
2128 1543 2344 1610 verbis
2373 1541 2685 1635 postules,

605 1656 833 1724 Thetis
863 1678 1130 1747 quoque
1168 1654 1367 1720 etiam
1400 1653 1469 1719 in
1510 1649 1938 1719 lamentando
1973 1649 2215 1719 lessum
2256 1649 2412 1720 fecit
2446 1650 2609 1720 filio.

607 1790 758 1836 nm.
821 1768 974 1836 Non
1028 1788 1151 1855 ego
1194 1787 1375 1830 nunc
1413 1763 1593 1829 intro
1631 1761 1717 1828 ad
1765 1785 1883 1828 vos
1925 1761 2204 1830 mittar?
2258 1786 2412 1831 AST.
2455 1761 2761 1852 Quidum

907 1898 1111 1969 quam
1152 1872 1342 1940 miles
1381 1872 1641 1964 magis?

608 2009 755 2054 ΒῙΝ.
787 1984 967 2074 Quia
1006 1982 1184 2050 enim
1224 1981 1370 2074 plus
1404 1981 1581 2049 dedi.
1621 2004 1770 2050 ΛΒΤ.
1807 1978 1969 2049 Plus
2006 1980 2186 2048 enim
2213 2007 2281 2050 es
2310 1982 2764 2068 intromissuS‚

904 2116 1114 2186 quom
1158 2091 1383 2162 dabas,

617 2205 776 2273 Sine
807 2202 1129 2288 vicissim,
1158 2203 1274 2294 qui
1309 2202 1471 2270 dant
1505 2226 1777 2296 operam
1804 2256 1822 2290 ‚
1851 2203 1940 2270 ob
1968 2201 2068 2289 id,
2099 2203 2283 2296 quod
2313 2204 2517 2292 dant,
2542 2207 2764 2299 operis

914 2313 1105 2380 utier.

613 2426 872 2495 Literas
917 2421 1240 2507 didicisti;
1280 2421 1552 2516 quando
1594 2421 1749 2508 sciS‚
1787 2422 1929 2490 sine
1974 2421 2137 2492 alios
2178 2423 2450 2492 discere.

702 2607 727 2642 ι
742 2605 795 2641 1.
814 2586 947 2640 Nam
974 2586 1096 2656 quid
1118 2593 1235 2638 est?
1259 2605 1369 2638 ΑεΤ.
1395 2587 1513 2639 Non
1535 2605 1648 2638 mu.-

618 2670 736 2731 sed,
765 2680 868 2720 etc.
901 2667 1123 2719 Sensum
1152 2685 1262 2718 non
1292 2666 1650 2736 inelegantem

625 2749 783 2801 elicio
801 2746 1098 2799 mutatione
1116 2764 1225 2798 non
1241 2763 1432 2816 magna
1450 2767 1462 2796 ε
1484 2772 1507 2793 ι
1526 2763 1649 2798 nn«.

622 2830 760 2882 Nam
782 2825 935 2898 §quid
964 2825 1080 2878 est?
1115 2843 1245 2876 num
1288 2843 1405 2878 mea
1442 2825 1606 2878 refert
1628 2830 1652 2876 ἓ

625 2927 735 2960 ΛΒΤ.
780 2907 903 2958 Non
931 2923 1023 2956 mu
1052 2922 1066 2956 ε
1102 2902 1197 2956 sed
1238 2905 1387 2956 Intus
1424 2905 1580 2958 bolos
1603 2931 1650 2958 ι.

628 2989 809 3052 Quum
830 2985 1019 3038 ancilla
1040 3001 1207 3054 opera
1218 3004 1264 3035 οι
1283 2983 1535 3037 Dinarchi
1554 3001 1652 3055 po-

630 3078 799 3120 soeret
825 3063 892 3116 ad
922 3061 1251 3116 audiendum
1268 3099 1285 3127 ,
1310 3063 1400 3115 ille
1432 3083 1654 3134 sperans

628 3144 698 3199 de
743 3163 798 3198 se
842 3144 924 3197 illi
972 3141 1180 3212 aliquid
1224 3141 1562 3208 mandatum,
1603 3157 1657 3196 et

631 3227 771 3278 forte
806 3215 875 3275 ab
919 3223 1085 3274 amica
1124 3222 1415 3291 exspectari
1454 3219 1656 3276 adven-

630 3319 745 3358 tum
775 3321 929 3354 suum
956 3323 969 3351 ε
997 3300 1146 3365 Quid
1166 3339 1182 3364 ,
1209 3301 1419 3372 inquit,
1439 3303 1517 3354 rei
1543 3303 1658 3356 est?

630 3396 723 3438 aut
756 3380 961 3452 aliquid
996 3379 1067 3434 ad
1106 3400 1193 3432 me
1230 3382 1467 3452 pertinet
1490 3388 1512 3433 i’
1555 3385 1658 3436 Re-

624 3464 814 3536 jiciens
866 3475 975 3514 tam
1030 3461 1247 3512 stultam
1304 3462 1659 3515 urbanitatem

630 3543 845 3614 puellm
887 3540 1037 3592 Nihil
1067 3539 1137 3592 ad
1170 3553 1222 3592 te
1258 3541 1367 3592 ait:
1402 3539 1495 3594 sed
1530 3543 1660 3594 hera

632 3640 753 3674 mea
794 3639 930 3690 quos
970 3619 1107 3671 lucri
1151 3619 1304 3672 bolos
1346 3633 1501 3673 nacta
1541 3623 1658 3675 est!

634 3703 751 3756 Non
784 3720 895 3765 mu,
919 3699 1173 3752 nihilum.
1204 3700 1441 3754 Lucilius
1472 3701 1570 3754 lib.
1603 3703 1661 3755 11

633 3781 850 3834 Satin-ar.
901 3806 922 3827 ι
944 3779 1066 3832 Non
1115 3777 1333 3831 laudare
1384 3780 1660 3836 hominem

638 3877 964 3931 quemquam
990 3875 1005 3910 z
1028 3877 1205 3930 neque
1225 3877 1319 3911 mu
1344 3860 1521 3914 facere
1544 3881 1665 3915 um-

640 3957 799 4010 quam
826 3965 873 3992 a.
903 3938 1047 3992 Gur..

726 4025 820 4080 14.
840 4019 1004 4069 Hunc.
1031 4017 1232 4071 Cistell.
1255 4018 1301 4083 1,
1326 4040 1379 4083 a,
1410 4043 1429 4072 1
1444 4028 1500 4084 4.

726 4097 818 4152 15.
846 4095 1009 4150 Solus.
1036 4097 1355 4153 Menaecbm.
1380 4101 1458 4165 11,
1488 4100 1543 4165 3,
1565 4121 1594 4152 2
1610 4119 1660 4154 1.

637 4209 714 4218 --
762 4175 1005 4228 Summam
1054 4178 1227 4243 habet,
1294 4179 1657 4251 principatum

1737 2584 1966 2639 obtinet.
1993 2587 2380 2642 N.-Fundas
2407 2588 2496 2642 hie
2521 2606 2625 2659 pro
2653 2589 2766 2642 fru-

1739 2666 2082 2719 ctuosissimis
2139 2667 2356 2738 praediis
2416 2669 2639 2738 capitur.
2698 2669 2769 2720 Et

1741 2745 1946 2816 optime
2018 2747 2268 2800 convenit
2333 2767 2457 2800 cum
2511 2749 2769 2801 Varronis

1741 2825 2222 2924 interpretatione'g
2264 2829 2359 2899 qui
2390 2829 2605 2896 fundum
2642 2826 2768 2882 inde

1741 2903 1950 2958 dietum
1979 2906 2193 2970 asserit,
2197 2897 2375 2978 '‘iquod
2397 2908 2590 2963 fundat
2609 2920 2768 2980 quot-

1743 2984 1892 3037 annis
1919 2986 2163 3055 plurima.
2189 2987 2237 3039 N
2245 3007 2462 3042 snmus
2467 2986 2770 3042 —Fundus

1743 3064 1834 3116 hic
1855 3084 1956 3134 pro
1979 3067 2237 3120 sententia
2262 3069 2770 3139 jurisconsultorum

1745 3156 1824 3197 est
1851 3163 1962 3214 qno
1979 3159 2200 3198 auctore
2229 3165 2316 3200 ree
2341 3161 2599 3203 transacta
2625 3165 2771 3220 quae·

1745 3224 1825 3277 via
1845 3237 1960 3278 rata
1983 3224 2072 3289 lit,
2103 3244 2216 3296 quo
2249 3227 2394 3292 siue,
2421 3229 2591 3282 irrita.
2621 3229 2687 3282 N.

1833 3322 1924 3374 ¹7·
1956 3303 2148 3356 Stultus
2185 3326 2268 3370 es,
2315 3320 2416 3360 etc.
2453 3309 2692 3371 Insania,
2725 3304 2772 3360 ai

1747 3384 1926 3436 verbis
1951 3384 2124 3438 facere
2149 3386 2389 3452 coneris,
2419 3400 2478 3440 ut
2499 3388 2588 3453 id,
2621 3385 2771 3460 quod

1747 3477 1850 3521 est,
1893 3482 2006 3516 non
2047 3464 2148 3529 sit,
2193 3485 2421 3536 nempe,
2458 3481 2519 3520 ut
2551 3469 2774 3522 Strabax

1748 3543 2056 3612 praecellens
2069 3542 2226 3598 donis
2243 3545 2478 3600 amando
2498 3567 2612 3602 non
2634 3568 2774 3619 prm·

1750 3635 1982 3692 optetur.
2008 3622 2181 3677 Etiam
2206 3627 2391 3680 Thetis
2417 3641 2644 3682 mortem
2671 3627 2775 3680 filii

1749 3700 2006 3767 deflevit,
2031 3720 2208 3775 neque
2246 3707 2540 3776 prohibere
2573 3708 2775 3772 voluit,

1751 3800 1912 3852 quam
1941 3795 2219 3855 tantopere
2253 3785 2680 3842 abominabatur.
2701 3787 2775 3842 N.

1839 3865 1930 3916 18.
1977 3863 2174 3916 Lesa-um
2205 3867 2334 3932 fecit
2359 3867 2478 3937 fillo
2495 3905 2514 3930 ‚
2555 3867 2614 3920 id
2663 3881 2742 3922 est
2759 3907 2776 3934 ‚

1748 3942 1964 3995 funebri
1999 3946 2288 4014 ejulatione
2321 3961 2651 4040 prosequuta
2677 3963 2780 4002 esta

1749 4021 1979 4076 Ten-tun.
2019 4023 2089 4076 de
2119 4024 2322 4078 Anima
2357 4027 2460 4080 boe
2480 4028 2556 4080 nic
2577 4028 2778 4080 effert.

1757 4100 1916 4156 «Sed
1963 4117 2016 4158 et
2057 4105 2246 4159 Thetis
2283 4106 2460 4160 filium
2502 4108 2780 4178 planxit».

1747 4173 1964 4236 Grion*
