3067 5017
888 386 1228 457 Acrus
1280 389 1351 475 1,
1402 390 1747 461 scENA
1797 392 1852 460 1.

2279 418 2402 465 ΙΙΙ

258 514 462 605 Lege,
501 507 610 579 vel
649 505 927 578 tabellas
961 508 1181 579 redde.
1214 534 1455 583 pseuo.
1484 516 1639 583 Imo
1670 514 1849 583 enim
1887 514 2225 611 perlegam
2255 544 2274 589 ε

260 621 619 691 Advortito
652 618 978 688 animum.
1016 642 1175 689 cu..
1206 624 1365 693 Non
1390 622 1599 693 adest.
1637 648 1886 695 esem).
1921 630 2014 696 At
2049 642 2124 697 tu
2154 629 2308 701 cita.
2365 647 2422 687 ³⁰

258 754 411 801 cu..
457 735 618 800 Imo
663 754 790 825 ego
826 728 1093 815 tacebo,
1137 744 1211 799 tu
1248 730 1410 800 hinc
1444 758 1526 801 ex
1562 756 1714 803 cera
1750 734 1921 804 cita:

258 846 424 913 Nam
466 842 661 910 isteic
698 864 887 909 meus
922 839 1189 909 animus
1232 866 1417 910 nunc
1462 857 1598 927 est,
1634 868 1772 912 non
1813 844 1884 911 in
1921 859 2215 939 pectore.

256 976 499 1023 PSEUD.
518 955 739 1021 Tuam
776 949 1061 1020 amicam
1098 950 1328 1038 vide0,
1366 948 1726 1022 Callidore.
1779 975 1937 1024 cu..
1979 954 2118 1025 Ubi
2162 980 2240 1025 ea
2281 972 2414 1045 est,

556 1058 889 1129 obsecro?

254 1196 502 1243 esem).
542 1175 789 1241 Eccam
827 1171 899 1238 in
937 1169 1197 1241 tabellis
1233 1186 1658 1267 porrectam3
1698 1158 1956 1244 in'cera
1995 1176 2216 1249 cubat.

254 1304 405 1354 cst..
448 1286 548 1351 At
593 1296 659 1351 te
699 1280 793 1349 dii
840 1279 1154 1377 deaeque,
1202 1296 1495 1376 quantus
1531 1306 1604 1351 es
1609 1334 1718 1352 .....
1754 1306 2001 1354 Psnun.
2041 1288 2418 1360 Servassint

551 1391 851 1484 quidem.
2357 1421 2410 1463 ³⁵

250 1526 405 1574 cn..
444 1503 665 1593 Quasi
702 1499 1062 1571 solstitialis
1092 1502 1339 1588 herba,
1375 1502 1713 1598 paulisper
1748 1502 1889 1592 sui3

253 1617 562 1708 Repente
597 1626 869 1681 exortus
906 1636 1053 1681 sum
1074 1666 1095 1699 ‚
1137 1614 1492 1707 repentino
1526 1614 1773 1684 obcidi.

254 1746 499 1792 psum).
533 1726 742 1808 Tace,
774 1721 936 1791 dum
970 1720 1248 1792 tabellas
1279 1722 1575 1819 perlego.
1607 1748 1768 1795 cu..
1797 1726 1980 1819 Ergo
2011 1724 2174 1820 quin
2203 1724 2416 1823 legis?

254 1856 503 1904 PSEUD.
540 1832 959 1902 Phoenicium
996 1831 1343 1906 Callidoro
1373 1837 1661 1905 amatori
1700 1860 1824 1905 suo

250 1945 375 2012 Per
416 1966 649 2012 ceram
680 1957 748 2011 et
790 1940 1006 2012 linum
1048 1941 1406 2039 literasque
1443 1946 1846 2041 interpretes
2361 1968 2418 2011 ⁴0

252 2088 503 2142 convicio
520 2086 793 2141 verberari
811 2088 1001 2141 volunt
1020 2088 1285 2161 interpre-

256 2184 356 2233 tes;
381 2186 451 2222 ac
475 2169 519 2221 si
546 2168 689 2220 inter
723 2166 863 2219 male
887 2168 1159 2221 nominata
1188 2188 1284 2221 no·

255 2249 391 2301 mina
408 2287 429 2314 ‚
490 2245 865 2300 meretricibus
919 2246 1035 2299 indi
1089 2248 1245 2301 solita
1264 2286 1281 2313 ‚

256 2329 409 2381 etiam
452 2326 619 2379 fuerit
654 2326 865 2395 gallina.
895 2327 1021 2380 Non
1058 2328 1282 2380 memini

254 2407 305 2459 id
337 2426 429 2461 me
464 2422 705 2477 unquam
735 2406 939 2477 legisse.
965 2405 1159 2461 Certus
1184 2426 1279 2461 au-

254 2499 355 2539 tem
380 2506 507 2541 sum
528 2504 628 2557 per
652 2485 859 2556 gallinae
881 2485 1201 2557 scripturam
1225 2502 1279 2543 et

256 2586 471 2631 manus,
497 2564 641 2618 nibil
668 2565 757 2617 bic
784 2565 1069 2637 significari
1101 2566 1275 2633 aliud,

255 2665 409 2717 quam
433 2641 764 2709 inconditas,
788 2644 1165 2717 incompositas
1180 2686 1197 2711 ,
1226 2660 1279 2701 et

254 2728 375 2779 alias
408 2725 541 2778 alias
572 2722 882 2779 scandentes
915 2725 1125 2791 literae,
1156 2726 1277 2797 qui-

253 2806 348 2859 bus
372 2805 464 2857 hm
489 2804 688 2859 tabulae
717 2817 873 2857 erant
898 2818 1139 2859 exarata.
1167 2807 1278 2859 Nos

256 2886 467 2955 Belga,
512 2883 760 2937 desumta
818 2902 850 2937 a
910 2885 1059 2956 gallis
1113 2898 1279 2937 meta-

255 2966 424 3035 phora
443 3004 460 3029 ,
487 2962 753 3036 ejusmodi
779 2963 1136 3019 inconcinnas·
1153 2965 1281 3017 lite·

256 3064 339 3099 ras
366 3044 741 3113 haene-poetata,
776 3043 927 3115 quasi
952 3055 1011 3096 tu
1042 3042 1239 3097 dixeris
1258 3077 1276 3104 ‚

254 3126 499 3192 gallorum
519 3124 694 3193 pedes,
725 3123 1074 3194 appellamus.
1092 3124 1286 3177 Franci

256 3204 447 3259 dicunt
464 3204 608 3275 pleds
632 3204 694 3255 de
714 3204 923 3257 menelae.
952 3205 1119 3257 Boxu.

340 3286 429 3339 30.
453 3286 533 3336 At
554 3295 607 3335 tu
628 3286 746 3336 cita.
765 3280 931 3337 Ludit
952 3284 1129 3337 verbis
1148 3283 1283 3355 juris

256 3364 584 3418 solennibus.
639 3362 755 3428 Qui
799 3364 1051 3417 volebant
1100 3382 1291 3417 coram.

255 3444 525 3514 judicibus
543 3443 630 3495 vel
652 3440 969 3497 advocatum
989 3443 1073 3497 vel
1094 3455 1281 3497 testem

260 3542 583 3595 quemquam
605 3522 798 3586 adesse,
822 3541 945 3576 eum
964 3522 1195 3577 citabant.
1208 3523 1276 3576 N.

340 3603 428 3657 31.
460 3604 547 3655 Ex
574 3622 685 3654 cem
710 3606 837 3664 oica.
853 3604 1029 3657 Evoca
1042 3622 1147 3666 me,
1166 3621 1281 3655 non

258 3685 401 3737 hune
430 3701 594 3754 quem
619 3682 937 3752 alloqueris,
972 3681 1065 3735 sed
1089 3682 1247 3735 istum
1266 3720 1282 3745 ,

261 3765 409 3833 cujus
432 3762 653 3818 animus,
682 3774 762 3814 est
800 3762 859 3815 iu
895 3761 1103 3814 tabellis
1146 3779 1283 3833 quas

260 3856 420 3897 tenes.
445 3842 530 3895 Cf.
554 3841 740 3894 Aulul.
764 3841 851 3906 Π,
879 3862 937 3906 a,
970 3849 1025 3905 4.
1052 3841 1120 3894 Ν.
1180 3890 1183 3895 .

342 3924 429 3985 34.
457 3924 521 3975 In
552 3940 667 3973 cera
686 3920 853 3975 cubat.
885 3920 1085 3973 Eadem
1110 3921 1283 3992 figura

261 4002 438 4071 gallice
463 4002 702 4055 dicimus
726 4019 739 4051 ε
780 4002 979 4053 eouelzer
999 4020 1072 4052 ses
1085 4006 1283 4071 pen-sees

262 4101 340 4133 sur
358 4084 401 4135 le
420 4085 620 4155 papien

337 4163 430 4219 35.
458 4164 541 4219 At
563 4162 625 4217 di
653 4160 853 4232 deaque
871 4200 887 4225 ,
930 4172 1139 4234 quantus
1174 4180 1283 4214 es...

1380 2088 1669 2161 adjiciebat
1711 2092 1975 2162 perduint,
2023 2092 2131 2147 nisi
2181 2093 2413 2149 interce-

1381 2171 1545 2239 pisset
1562 2170 1858 2225 Pseudolus
1884 2170 1953 2227 ad
1981 2174 2208 2227 meliora
2231 2172 2412 2230 detor·

1380 2262 1491 2302 tam
1512 2252 1826 2306 orationem.
1850 2284 1930 2294 —
1953 2254 2180 2323 Quantus
2205 2274 2282 2321 es,
2301 2255 2336 2308 i.
2357 2275 2405 2310 e.

1383 2341 1591 2394 totum,
1624 2330 1865 2384 omnino.
1895 2332 1963 2386 N.

1464 2410 1558 2462 36.
1583 2410 1743 2477 Quasi
1767 2412 2041 2463 solstitialis
2074 2411 2235 2465 herba.
2268 2412 2408 2467 Her-

1378 2488 1875 2542 bam-solstitialem
1916 2489 1985 2543 de
2029 2509 2092 2544 ea
2131 2492 2408 2565 intelligo,

1374 2586 1494 2639 quae
1520 2580 1761 2638 tempore
1796 2568 2046 2635 solstitii,
2077 2584 2234 2624 nocte
2265 2592 2404 2644 prm·

1374 2648 1558 2701 sertim
1600 2646 1994 2718 frigidiuscula‚
2045 2660 2105 2702 ut
2143 2651 2304 2716 solet,
2347 2665 2404 2706 et

1374 2728 1654 2781 rorulenta
1684 2728 2040 2793 subnascitur,
2079 2740 2134 2781 et
2162 2743 2345 2799 postea
2371 2751 2406 2787 a

1375 2807 1552 2859 calore
1570 2806 1696 2859 solis
1722 2804 1904 2860 diurni
1921 2846 1938 2871 ,
1966 2807 2059 2878 qui
2086 2820 2216 2861 tunc
2235 2811 2404 2863 maxi-

1376 2904 1463 2937 me
1492 2886 1670 2950 soevit,
1705 2886 1956 2952 moritur,
1999 2899 2093 2939 aut
2117 2900 2261 2941 certe
2286 2890 2405 2942 lan·

1375 2966 1597 3035 guescit.
1613 2966 1870 3021 Bacasis.
1884 2996 1966 3009 —-
1987 2967 2406 3023 Proverbialiter

1380 3044 1580 3099 dicitur
1617 3044 1686 3099 de
1719 3065 1779 3099 re
1822 3045 2000 3117 fugaci
2037 3058 2242 3105 et,non
2284 3047 2405 3101 diu-

1380 3136 1556 3178 turna.
1579 3124 1739 3179 Seu..
1761 3158 1842 3168 —
1863 3126 2111 3179 Imitatus
2137 3140 2218 3180 est
2240 3129 2408 3181 Auso·

1378 3204 1526 3269 nius,
1563 3202 1632 3257 de
1681 3219 1853 3258 morte
1891 3209 2190 3276 praestantis
2233 3208 2412 3279 cnjus-

1380 3282 1505 3337 dam
1527 3283 1906 3351 adolescentis,
1927 3286 1986 3338 in
2007 3286 2374 3341 parentalibus
2390 3327 2407 3354 ‚

1377 3382 1433 3433 p.
1465 3364 1573 3417 163
1611 3382 1626 3416 τ
1667 3390 1691 3413 ι
1723 3364 2061 3431 ostentatus,
2111 3378 2404 3438 raptusque

1377 3443 1569 3508 simul,
1608 3444 1896 3497 solstitialis
1936 3446 2082 3498 velut
2117 3445 2282 3498 herba
2315 3464 2404 3499 so-

1341 3520 1359 3546 ‘
1374 3523 1452 3575 let
1478 3548 1525 3575 n.
1551 3522 1982 3589 Gnonf—Quis
2005 3526 2118 3577 haec
2139 3542 2307 3595 quum
2329 3526 2407 3579 le-

1376 3615 1494 3675 gat,
1532 3622 1646 3655 non
1696 3603 2004 3657 meminerit
2041 3604 2400 3660 Bossuetianoe

1379 3683 1636 3735 orationis
1657 3704 1670 3735 ε
1695 3682 1928 3735 Madame
1948 3703 1979 3735 a
2002 3688 2176 3753 passe',
2203 3684 2270 3736 du
2296 3704 2401 3737 ma-

1381 3767 1453 3815 rin
1474 3782 1540 3813 au
1554 3766 1670 3822 soit,
1695 3782 1872 3814 comme
1889 3763 1913 3813 l
1920 3763 2074 3815 'herbe
2087 3763 2170 3815 des
2186 3765 2400 3835 champs.

1379 3843 1452 3894 Lo
1470 3848 1622 3894 mutin
1640 3883 1656 3906 ‚
1679 3844 2072 3912 ellefhurissait;
2095 3864 2206 3895 avec
2224 3846 2403 3917 quelles

1376 3941 1550 3993 grae-es
1566 3962 1582 3985 ,
1611 3941 1734 3973 ‘vous
1754 3923 1800 3973 le
1823 3930 1999 3975 sactes!
2043 3924 2088 3975 le
2121 3927 2250 3987 scir,
2281 3944 2402 3979 nous

1382 4003 1435 4055 la
1468 4009 1620 4054 w‘mes
1657 4002 1833 4055 sebbe‘e.
1863 4002 1933 4055 N.
2329 4008 2338 4019 ”

1468 4089 1558 4145 4ο.
1587 4081 1762 4134 Cer-am
1788 4094 1837 4135 et
1859 4082 2025 4136 linum.
2051 4083 2179 4138 Vid.
2208 4085 2406 4139 Bacch.

1380 4162 1487 4228 IV,
1514 4168 1578 4226 4,
1607 4165 1702 4225 64.
