3067 5017
574 362 717 458 590
1136 409 1147 423 .
1336 360 1954 448 QUEROLUS,

566 485 1064 585 gredimurstilia
1076 482 1471 554 tentandum
1488 482 2268 575 viamastuodnam
2285 482 2413 555 ho‘c
2431 487 2715 559 monstri

569 616 779 694 genus
814 595 955 665 est?
984 598 1133 689 Ego
1172 609 1391 683 totum
1428 593 1560 663 feci
1591 592 1810 679 solus;
1843 608 2065 665 totum
2095 594 2349 665 nescio,
2388 596 2715 689 Iamjam,

566 728 833 803 quaeso,
872 707 1194 800 quoniam
1240 704 1405 772 mibi
1442 726 1664 798 neque
1715 722 1816 773 res
1869 728 2090 798 neque
2127 726 2327 775 causa
2375 718 2713 798 superest,

566 822 957 917 simpliciter
1006 820 1239 906 dicite,
1291 834 1612 889 utrumne
1669 819 1927 891 furtum
1983 841 2070 888 an
2119 818 2546 915 sacrilegium
2581 846 2714 916 ego

560 934 865 1005 commisi
894 953 911 1000 t
940 932 1073 1000 nisi
1095 929 1267 999 forte
1294 928 1464 999 illud
1492 952 1676 999 nunc
1703 944 1909 999 restat
1945 929 2151 1017 mihi,
2187 944 2276 999 ut.
2300 931 2418 1024 qui
2446 930 2713 999 furtum

564 1064 703 1113 non
762 1042 985 1136 potui,
1030 1038 1456 1134 sacrilegium
1514 1040 1737 1135 neque
1798 1038 1980 1109 volui
1999 1090 2019 1124 ,
2061 1054 2426 1134 utrumque
2478 1040 2715 1111 fecisse

566 1155 931 1225 convincar
954 1148 1161 1221 nefas.
1180 1174 1401 1234 ,(ὶιπιιιὶο
1428 1150 1650 1219 Etiam
1671 1150 2074 1219 circuitione
2097 1174 2242 1221 rem
2275 1151 2501 1245 geris?
2526 1150 2713 1242 Q'uid

562 1264 751 1335 aliud
784 1278 1009 1333 autem
1047 1262 1119 1330 in
1158 1284 1357 1332 causa
1383 1274 1515 1343 est,
1551 1261 1686 1329 nisi
1727 1259 1911 1355 quod
1952 1259 2338 1355 praesidium
2382 1260 2714 1331 abstulisti

560 1390 633 1445 et
660 1376 915 1444 cineres
950 1370 1269 1442 abdidisti
1294 1371 1323 1441 P
1358 1374 1596 1441 Unum
1635 1368 2127 1456 fraudulenter,
2161 1367 2356 1439 aliud'
2374 1372 2709 1466 nequiter.

562 1490 801 1581 Neque
822 1508 978 1571 nam
1007 1498 1074 1553 te
1096 1482 1371 1551 bustum
1400 1482 1729 1576 expetisse
1742 1534 1763 1569 ‚
1787 1505 2028 1550 aurum
2066 1480 2382 1572 abjecisse
2397 1534 2420 1567 ,
2444 1480 2714 1551 credere

562 1596 920 1691 quisquam
953 1606 1190 1686 potest.
1233 1614 1523 1664 Mutua.
1559 1592 1836 1686 Optime
1870 1605 2087 1660 totum
2114 1589 2246 1659 hoc
2277 1592 2620 1679 asseritur,
2644 1604 2713 1660 et

564 1707 736 1776 mihi
763 1706 893 1799 ipsi
921 1701 1279 1772 verisimile
1304 1702 1610 1770 videtur:
1638 1700 1753 1769 sed
1771 1754 1794 1785 ‚
1825 1701 1881 1771 si
1918 1700 2084 1794 quid
2109 1700 2380 1771 creditis
2397 1754 2417 1785 ,
2447 1727 2586 1771 non
2611 1717 2715 1771 est

566 1818 680 1885 ita.
726 1838 938 1897 thn.
988 1814 1167 1906 Age,
1194 1811 1337 1907 jam
1379 1812 1562 1879 bono
1608 1812 1836 1879 animo
1871 1826 2056 1898 esto,
2096 1810 2194 1880 nil
2235 1825 2480 1905 praeter
2513 1812 2715 1883 sacri-

565 1924 817 2021 legium
853 1922 1251 2017 perpetrasti
1288 1946 1307 1990 t
1345 1944 1590 1989 aurum
1625 1936 1852 1989 autem
1895 1921 1990 1989 ibi
2035 1942 2176 1989 non
2219 1919 2368 1991 fuit.
2421 1944 2707 1993 summi.

562 2035 850 2103 Furtum
900 2032 1111 2125 igitur
1166 2054 1304 2099 non
1342 2031 1703 2099 commisi:
1753 2032 1872 2100 Dii
1923 2045 1988 2099 te
2047 2046 2347 2119 servent,
2395 2031 2708 2116 vicimus,

567 2148 741 2217 Nam
798 2142 965 2211 istoc
1020 2166 1147 2236 ego
1196 2155 1499 2236 tempore
1561 2166 1831 2236 poenam
1873 2141 2053 2211 malo
2095 2166 2302 2236 quam
2355 2145 2711 2237 pecuniam

570 2255 834 2325 debere.
902 2251 1034 2323 Sed
1082 2249 1293 2339 illud,
1343 2276 1604 2346 quoeso,
1645 2252 1994 2347 exponite,
2038 2253 2220 2323 unde
2259 2266 2528 2324 tantum
2574 2254 2712 2325 illic

564 2364 754 2435 erat?
796 2384 1007 2447 Qum.
1066 2362 1301 2434 Nescis
1324 2416 1343 2450 ,
1376 2386 1656 2457 magus,
1709 2361 1880 2431 nihil
1925 2387 2066 2433 esse
2119 2364 2386 2459 gravius
2437 2364 2712 2435 fortuna

562 2475 762 2545 mala.
800 2496 1079 2545 numa.
1127 2478 1586 2568 Recognosce.
1624 2496 1836 2556 Qultn.
1879 2475 2100 2543 Etiam
2123 2476 2489 2568 ‘quaeritas,
2525 2476 2711 2545 unde

560 2584 871 2681 pondus?
890 2598 1159 2679 tegmen
1176 2580 1355 2653 illius
1370 2606 1558 2653 urnae
1572 2608 1712 2652 non
1735 2583 1960 2653 vidisti
1981 2583 2416 2678 plumbeum?
2430 2606 2709 2656 umuli.

558 2696 845 2789 Jamjam
867 2694 1092 2763 omnia
1125 2694 1251 2762 sibi
1272 2695 1706 2765 conveniunt.
1728 2696 1850 2764 His
1871 2695 2222 2789 praestigiis
2252 2697 2454 2767 etiam
2483 2711 2711 2785 certus

562 2804 709 2874 falli
768 2824 907 2890 non
963 2803 1291 2898 potuisset
1352 2804 1644 2898 magus?
1723 2829 1884 2874 Ans.
1955 2805 2278 2877 Nondum
2339 2804 2706 2901 intellegiS,

560 2914 822 3008 inepte,
851 2912 1243 3007 impositum
1279 2914 1475 2983 nobis
1502 2938 1643 2984 esse
1669 2915 1756 2983 ab
1781 2914 1934 3001 illo,
1967 2938 2169 3009 quem
2205 2916 2376 2985 bene
2404 2941 2706 2988 noveras.

559 3024 763 3095 Unde
802 3038 1043 3099 autem,
1078 3022 1175 3093 illi
1214 3023 1655 3120 thesaurum,
1708 3025 1970 3095 homini
2011 3048 2224 3121 prope
2263 3029 2586 3122 pauperi?
2627 3052 2708 3099 ac

564 3136 619 3204 si
666 3134 1007 3203 habuisset
1050 3132 1198 3223 ille,
1254 3153 1505 3230 ergone
1549 3137 1674 3207 iste
1717 3150 2047 3206 secretum
2097 3137 2411 3206 nescisset
2459 3139 2707 3231 patris,

562 3244 823 3338 tibique
870 3243 983 3313 ille
1032 3244 1395 3330 indicaret,
1432 3245 1616 3339 quod
1664 3270 1803 3315 non
1851 3245 2230 3317 crediderat
2265 3246 2450 3317 filio?
2490 3251 2707 3320 Pom>

565 3370 789 3428 autem
816 3355 1295 3452 paterfamilias
1332 3357 1444 3428 ille
1470 3360 1862 3431 thesaurum
1893 3361 1947 3429 si
1980 3360 2232 3431 ,sciebat
2252 3412 2272 3447 ,
2308 3360 2541 3456 illique
2567 3377 2710 3431 tan-

566 3469 721 3538 dem
756 3468 1132 3539 crediderat
1172 3466 1353 3554 loco,
1404 3469 1530 3538 tibi
1567 3468 1706 3539 illic
1748 3470 2073 3563 patuisset
2125 3471 2388 3541 aditus?
2422 3470 2704 3543 muv'mt.

562 3578 843 3674 Edepol,
870 3579 1037 3677 quid
1074 3579 1317 3667 dicam,
1352 3582 1601 3650 nescio.
1643 3604 1802 3651 ΑΒΕ.
1840 3585 2024 3677 Ergo
2047 3580 2435 3651 Euclionem
2463 3598 2539 3651 tu
2565 3606 2706 3651 non

562 3691 897 3761 noveras?
940 3691 1196 3762 Habuit
1240 3714 1437 3760 senex
1478 3689 1588 3759 ille
1632 3690 1845 3762 multa
1881 3692 2024 3760 haec
2060 3691 2430 3779 laetissima,
2477 3696 2596 3787 qui
2635 3708 2706 3765 te

556 3802 762 3869 etiam
800 3798 1155 3870 defunctus
1184 3800 1381 3870 ridet.
1415 3824 1704 3873 summi.
1732 3801 2013 3897 Edepol,
2042 3802 2314 3873 tandem
2353 3802 2704 3899 intellego:

438 3931 442 3937 ·
559 3909 741 3980 illius
770 3910 967 4005 plane
1007 3913 1120 3981 hic
1142 3914 1513 4007 nequitiam
1551 3938 1959 4009 recognosco
1991 3938 2010 3982 t
2049 3914 2434 4009 frequenter
2472 3913 2584 3984 ille
2619 3917 2708 3984 si-

556 4019 831 4089 milibus
856 4046 962 4090 me
987 4021 1145 4091 lusit
1176 4023 1413 4093 modis,
1449 4026 1696 4113 Quaeso
1727 4026 1970 4120 igitur,
1999 4025 2154 4095 date
2178 4027 2481 4112 veniam,
2517 4027 2703 4120 quod

526 4124 812 4203 'cineres
845 4131 997 4203 illos
1032 4132 1276 4203 abstuli
1313 4162 1329 4204 z
1373 4128 1614 4205 aurum
1649 4136 1927 4208 credidi.
1968 4160 2127 4209 Ans.
2171 4142 2352 4207 Bene
2388 4160 2702 4223 excusam,
