<?xml version="1.0" encoding="UTF-8"?>
<!DOCTYPE html PUBLIC "-//W3C//DTD XHTML 1.0 Transitional//EN"
    "http://www.w3.org/TR/xhtml1/DTD/xhtml1-transitional.dtd">
<html xmlns="http://www.w3.org/1999/xhtml" xml:lang="en" lang="en">
 <head>
  <title>
</title>
<meta http-equiv="Content-Type" content="text/html;charset=utf-8" />
  <meta name='ocr-system' content='tesseract 3.04.00' />
  <meta name='ocr-capabilities' content='ocr_page ocr_carea ocr_par ocr_line ocrx_word'/>
</head>
<body>
  <div class='ocr_page' id='page_1' title='image "./macciiplauticom00naudgoog_0428.png"; bbox 0 0 3067 5017; ppageno 0'>
   <div class='ocr_carea' id='block_1_1' title="bbox 604 434 2780 2742">
    <p class='ocr_par' dir='ltr' id='par_1_1' title="bbox 618 434 1992 526">
     <span class='ocr_line' id='line_1_1' title="bbox 618 434 1992 526; baseline 0.001 -20"><span class='ocrx_word' id='word_1_1' title='bbox 618 437 766 526; x_wconf 63' lang='grc'><strong>418</strong></span> <span class='ocrx_word' id='word_1_2' title='bbox 1394 434 1992 522; x_wconf 78' lang='lat' dir='ltr'><strong>TRINUMUS,</strong></span> 
     </span>
    </p>

    <p class='ocr_par' dir='ltr' id='par_1_2' title="bbox 616 554 2780 760">
     <span class='ocr_line' id='line_1_2' title="bbox 616 554 2780 674; baseline 0.002 -45"><span class='ocrx_word' id='word_1_3' title='bbox 616 554 1313 652; x_wconf 81' lang='lat' dir='ltr'><strong>Quomodoquidque</strong></span> <span class='ocrx_word' id='word_1_4' title='bbox 1344 555 1612 650; x_wconf 85' lang='lat' dir='ltr'><strong>agerem</strong></span> <span class='ocrx_word' id='word_1_5' title='bbox 1653 583 1670 626; x_wconf 77' lang='lat' dir='ltr'><strong>t</strong></span> <span class='ocrx_word' id='word_1_6' title='bbox 1721 581 1904 628; x_wconf 90' lang='lat' dir='ltr'><strong>nunc</strong></span> <span class='ocrx_word' id='word_1_7' title='bbox 1939 556 2107 626; x_wconf 88' lang='lat' dir='ltr'><strong>adeo</strong></span> <span class='ocrx_word' id='word_1_8' title='bbox 2130 611 2152 645; x_wconf 99' lang='lat'><strong>,</strong></span> <span class='ocrx_word' id='word_1_9' title='bbox 2187 559 2242 626; x_wconf 83' lang='lat' dir='ltr'><strong>si</strong></span> <span class='ocrx_word' id='word_1_10' title='bbox 2267 558 2448 674; x_wconf 58' lang='lat' dir='ltr'><strong>flam</strong></span> <span class='ocrx_word' id='word_1_11' title='bbox 2487 585 2613 656; x_wconf 82' lang='lat' dir='ltr'><strong>ego</strong></span> <span class='ocrx_word' id='word_1_12' title='bbox 2649 563 2780 632; x_wconf 81' lang='lat' dir='ltr'><strong>ad-</strong></span> 
     </span>
     <span class='ocr_line' id='line_1_3' title="bbox 910 665 1504 760; baseline -0.002 -24"><span class='ocrx_word' id='word_1_13' title='bbox 910 667 1143 736; x_wconf 87' lang='lat' dir='ltr'><strong>didero</strong></span> <span class='ocrx_word' id='word_1_14' title='bbox 1185 665 1504 760; x_wconf 69' lang='lat' dir='ltr'><strong>amplim,</strong></span> 
     </span>
    </p>

    <p class='ocr_par' dir='ltr' id='par_1_3' title="bbox 617 776 2434 872">
     <span class='ocr_line' id='line_1_4' title="bbox 617 776 2434 872; baseline 0 -22"><span class='ocrx_word' id='word_1_15' title='bbox 617 780 719 856; x_wconf 85' lang='lat' dir='ltr'><strong>Eo</strong></span> <span class='ocrx_word' id='word_1_16' title='bbox 752 779 1127 850; x_wconf 89' lang='lat' dir='ltr'><strong>conductor</strong></span> <span class='ocrx_word' id='word_1_17' title='bbox 1162 776 1398 846; x_wconf 87' lang='lat' dir='ltr'><strong>melius</strong></span> <span class='ocrx_word' id='word_1_18' title='bbox 1434 777 1521 846; x_wconf 90' lang='lat' dir='ltr'><strong>de</strong></span> <span class='ocrx_word' id='word_1_19' title='bbox 1561 802 1670 846; x_wconf 91' lang='lat' dir='ltr'><strong>me</strong></span> <span class='ocrx_word' id='word_1_20' title='bbox 1709 801 1922 872; x_wconf 80' lang='lat' dir='ltr'><strong>nugas</strong></span> <span class='ocrx_word' id='word_1_21' title='bbox 1957 776 2434 850; x_wconf 83' lang='lat' dir='ltr'><strong>conciliaverit.</strong></span> 
     </span>
    </p>

    <p class='ocr_par' dir='ltr' id='par_1_4' title="bbox 617 887 2778 985">
     <span class='ocr_line' id='line_1_5' title="bbox 617 887 2778 985; baseline 0 -23"><span class='ocrx_word' id='word_1_22' title='bbox 617 895 720 963; x_wconf 84' lang='lat' dir='ltr'><strong>Ut</strong></span> <span class='ocrx_word' id='word_1_23' title='bbox 757 888 865 960; x_wconf 91' lang='lat' dir='ltr'><strong>ille</strong></span> <span class='ocrx_word' id='word_1_24' title='bbox 900 913 1011 958; x_wconf 86' lang='lat' dir='ltr'><strong>me</strong></span> <span class='ocrx_word' id='word_1_25' title='bbox 1055 889 1451 974; x_wconf 82' lang='lat' dir='ltr'>exornavit,</span> <span class='ocrx_word' id='word_1_26' title='bbox 1493 887 1591 957; x_wconf 86' lang='lat' dir='ltr'><strong>ita</strong></span> <span class='ocrx_word' id='word_1_27' title='bbox 1638 913 1786 957; x_wconf 88' lang='lat' dir='ltr'><strong>sum</strong></span> <span class='ocrx_word' id='word_1_28' title='bbox 1831 904 2118 958; x_wconf 86' lang='lat' dir='ltr'><strong>ornatus</strong></span> <span class='ocrx_word' id='word_1_29' title='bbox 2163 915 2182 958; x_wconf 77' lang='lat' dir='ltr'><strong>t</strong></span> <span class='ocrx_word' id='word_1_30' title='bbox 2231 905 2583 985; x_wconf 84' lang='lat' dir='ltr'><strong>argentum</strong></span> <span class='ocrx_word' id='word_1_31' title='bbox 2641 891 2778 962; x_wconf 88' lang='lat' dir='ltr'><strong>hoc</strong></span> 
     </span>
    </p>

    <p class='ocr_par' dir='ltr' id='par_1_5' title="bbox 858 998 2776 1068">
     <span class='ocr_line' id='line_1_6' title="bbox 858 998 2776 1068; baseline -0.006 0"><span class='ocrx_word' id='word_1_32' title='bbox 858 1017 867 1024; x_wconf 85' lang='grc'><em>·</em></span> <span class='ocrx_word' id='word_1_33' title='bbox 910 998 1088 1068; x_wconf 83' lang='lat' dir='ltr'><strong>facit.</strong></span> <span class='ocrx_word' id='word_1_34' title='bbox 2723 1018 2776 1057; x_wconf 68' lang='grc' dir='ltr'><strong>ις</strong></span> 
     </span>
    </p>

    <p class='ocr_par' dir='ltr' id='par_1_6' title="bbox 609 1106 2570 1205">
     <span class='ocr_line' id='line_1_7' title="bbox 609 1106 2570 1205; baseline -0.001 -25"><span class='ocrx_word' id='word_1_35' title='bbox 609 1113 767 1205; x_wconf 87' lang='lat' dir='ltr'><strong>Ipse</strong></span> <span class='ocrx_word' id='word_1_36' title='bbox 802 1119 1197 1178; x_wconf 85' lang='lat' dir='ltr'><strong>ornamenta</strong></span> <span class='ocrx_word' id='word_1_37' title='bbox 1227 1131 1267 1176; x_wconf 90' lang='lat' dir='ltr'><strong>a</strong></span> <span class='ocrx_word' id='word_1_38' title='bbox 1300 1106 1597 1202; x_wconf 81' lang='lat' dir='ltr'><strong>chorago</strong></span> <span class='ocrx_word' id='word_1_39' title='bbox 1631 1106 1776 1178; x_wconf 78' lang='lat' dir='ltr'><strong>haec</strong></span> <span class='ocrx_word' id='word_1_40' title='bbox 1809 1108 2048 1176; x_wconf 83' lang='lat' dir='ltr'><strong>sumsit</strong></span> <span class='ocrx_word' id='word_1_41' title='bbox 2084 1129 2206 1176; x_wconf 87' lang='lat' dir='ltr'><strong>suo</strong></span> <span class='ocrx_word' id='word_1_42' title='bbox 2247 1108 2570 1202; x_wconf 88' lang='lat' dir='ltr'><strong>periculo.</strong></span> 
     </span>
    </p>

    <p class='ocr_par' dir='ltr' id='par_1_7' title="bbox 612 1217 2720 1314">
     <span class='ocr_line' id='line_1_8' title="bbox 612 1217 2720 1314; baseline -0.001 -24"><span class='ocrx_word' id='word_1_43' title='bbox 612 1223 818 1291; x_wconf 85' lang='lat' dir='ltr'><strong>Nunc</strong></span> <span class='ocrx_word' id='word_1_44' title='bbox 844 1244 970 1314; x_wconf 86' lang='lat' dir='ltr'><strong>ego</strong></span> <span class='ocrx_word' id='word_1_45' title='bbox 1008 1217 1065 1287; x_wconf 93' lang='lat' dir='ltr'><strong>si</strong></span> <span class='ocrx_word' id='word_1_46' title='bbox 1092 1232 1327 1314; x_wconf 88' lang='lat' dir='ltr'><strong>potero</strong></span> <span class='ocrx_word' id='word_1_47' title='bbox 1358 1217 1771 1286; x_wconf 83' lang='lat' dir='ltr'><strong>ornamentis</strong></span> <span class='ocrx_word' id='word_1_48' title='bbox 1807 1218 2148 1286; x_wconf 85' lang='lat' dir='ltr'><strong>hominem</strong></span> <span class='ocrx_word' id='word_1_49' title='bbox 2181 1218 2720 1306; x_wconf 79' lang='lat' dir='ltr'><strong>circumducere,</strong></span> 
     </span>
    </p>

    <p class='ocr_par' dir='ltr' id='par_1_8' title="bbox 612 1324 2760 1422">
     <span class='ocr_line' id='line_1_9' title="bbox 612 1324 2760 1422; baseline -0.001 -20"><span class='ocrx_word' id='word_1_50' title='bbox 612 1328 812 1402; x_wconf 85' lang='lat' dir='ltr'>Dabo</span> <span class='ocrx_word' id='word_1_51' title='bbox 840 1352 1113 1422; x_wconf 86' lang='lat' dir='ltr'><strong>operam</strong></span> <span class='ocrx_word' id='word_1_52' title='bbox 1128 1381 1148 1410; x_wconf 92' lang='lat'><strong>,</strong></span> <span class='ocrx_word' id='word_1_53' title='bbox 1163 1341 1239 1396; x_wconf 88' lang='lat' dir='ltr'><strong>ut</strong></span> <span class='ocrx_word' id='word_1_54' title='bbox 1254 1352 1361 1394; x_wconf 92' lang='lat' dir='ltr'><strong>me</strong></span> <span class='ocrx_word' id='word_1_55' title='bbox 1378 1351 1517 1396; x_wconf 87' lang='lat' dir='ltr'><strong>esse</strong></span> <span class='ocrx_word' id='word_1_56' title='bbox 1534 1327 1754 1420; x_wconf 88' lang='lat' dir='ltr'><strong>ipsum</strong></span> <span class='ocrx_word' id='word_1_57' title='bbox 1775 1324 1974 1422; x_wconf 90' lang='lat' dir='ltr'><strong>plane</strong></span> <span class='ocrx_word' id='word_1_58' title='bbox 1995 1327 2476 1422; x_wconf 84' lang='lat' dir='ltr'><strong>sycophantam</strong></span> <span class='ocrx_word' id='word_1_59' title='bbox 2491 1330 2760 1399; x_wconf 85' lang='lat' dir='ltr'><strong>sentiat.</strong></span> 
     </span>
    </p>

    <p class='ocr_par' dir='ltr' id='par_1_9' title="bbox 615 1437 2778 1634">
     <span class='ocr_line' id='line_1_10' title="bbox 615 1437 2778 1533; baseline 0 -23"><span class='ocrx_word' id='word_1_60' title='bbox 615 1463 892 1511; x_wconf 74' lang='lat' dir='ltr'><strong>annM.</strong></span> <span class='ocrx_word' id='word_1_61' title='bbox 934 1439 1157 1527; x_wconf 88' lang='lat' dir='ltr'><strong>Quam</strong></span> <span class='ocrx_word' id='word_1_62' title='bbox 1204 1438 1417 1533; x_wconf 88' lang='lat' dir='ltr'><strong>magis</strong></span> <span class='ocrx_word' id='word_1_63' title='bbox 1458 1453 1728 1532; x_wconf 88' lang='lat' dir='ltr'><strong>specto,</strong></span> <span class='ocrx_word' id='word_1_64' title='bbox 1767 1438 1992 1506; x_wconf 89' lang='lat' dir='ltr'><strong>minus</strong></span> <span class='ocrx_word' id='word_1_65' title='bbox 2025 1437 2242 1532; x_wconf 87' lang='lat' dir='ltr'><strong>placet</strong></span> <span class='ocrx_word' id='word_1_66' title='bbox 2277 1440 2445 1508; x_wconf 89' lang='lat' dir='ltr'><strong>mihi</strong></span> <span class='ocrx_word' id='word_1_67' title='bbox 2483 1439 2778 1510; x_wconf 85' lang='lat' dir='ltr'><strong>hominis</strong></span> 
     </span>
     <span class='ocr_line' id='line_1_11' title="bbox 911 1547 1618 1634; baseline 0 -18"><span class='ocrx_word' id='word_1_68' title='bbox 911 1547 1115 1616; x_wconf 85' lang='lat' dir='ltr'><strong>facies</strong></span> <span class='ocrx_word' id='word_1_69' title='bbox 1152 1572 1167 1614; x_wconf 90' lang='lat'><strong>:</strong></span> <span class='ocrx_word' id='word_1_70' title='bbox 1208 1547 1379 1616; x_wconf 87' lang='lat' dir='ltr'><strong>mira</strong></span> <span class='ocrx_word' id='word_1_71' title='bbox 1416 1561 1618 1634; x_wconf 88' lang='lat' dir='ltr'><strong>sunt,</strong></span> 
     </span>
    </p>

    <p class='ocr_par' dir='ltr' id='par_1_10' title="bbox 604 1653 2758 1741">
     <span class='ocr_line' id='line_1_12' title="bbox 604 1653 2758 1741; baseline 0 -14"><span class='ocrx_word' id='word_1_72' title='bbox 604 1659 699 1728; x_wconf 86' lang='lat' dir='ltr'><strong>Ni</strong></span> <span class='ocrx_word' id='word_1_73' title='bbox 742 1656 877 1726; x_wconf 87' lang='lat' dir='ltr'><strong>illic</strong></span> <span class='ocrx_word' id='word_1_74' title='bbox 914 1653 1209 1725; x_wconf 89' lang='lat' dir='ltr'><strong>homo’st</strong></span> <span class='ocrx_word' id='word_1_75' title='bbox 1239 1671 1356 1724; x_wconf 91' lang='lat' dir='ltr'><strong>aut</strong></span> <span class='ocrx_word' id='word_1_76' title='bbox 1398 1656 1823 1741; x_wconf 85' lang='lat' dir='ltr'><strong>dormitator,</strong></span> <span class='ocrx_word' id='word_1_77' title='bbox 1855 1670 1976 1726; x_wconf 86' lang='lat' dir='ltr'><strong>aut</strong></span> <span class='ocrx_word' id='word_1_78' title='bbox 2009 1672 2226 1728; x_wconf 87' lang='lat' dir='ltr'><strong>sector</strong></span> <span class='ocrx_word' id='word_1_79' title='bbox 2259 1661 2596 1728; x_wconf 73' lang='lat' dir='ltr'><strong>zonariuS.</strong></span> <span class='ocrx_word' id='word_1_80' title='bbox 2706 1695 2758 1721; x_wconf 78' lang='lat' dir='ltr'><strong>ao</strong></span> 
     </span>
    </p>

    <p class='ocr_par' dir='ltr' id='par_1_11' title="bbox 608 1764 2754 1864">
     <span class='ocr_line' id='line_1_13' title="bbox 608 1764 2754 1864; baseline 0 -27"><span class='ocrx_word' id='word_1_81' title='bbox 608 1771 791 1838; x_wconf 86' lang='lat' dir='ltr'><strong>Loca</strong></span> <span class='ocrx_word' id='word_1_82' title='bbox 806 1764 1243 1861; x_wconf 87' lang='lat' dir='ltr'><strong>contemplat,</strong></span> <span class='ocrx_word' id='word_1_83' title='bbox 1257 1766 1773 1860; x_wconf 85' lang='lat' dir='ltr'><strong>circumspectat</strong></span> <span class='ocrx_word' id='word_1_84' title='bbox 1787 1789 1927 1836; x_wconf 87' lang='lat' dir='ltr'><strong>sese</strong></span> <span class='ocrx_word' id='word_1_85' title='bbox 1941 1818 1961 1853; x_wconf 90' lang='lat'><strong>,</strong></span> <span class='ocrx_word' id='word_1_86' title='bbox 1973 1782 2176 1860; x_wconf 81' lang='lat' dir='ltr'><strong>atque</strong></span> <span class='ocrx_word' id='word_1_87' title='bbox 2188 1767 2384 1836; x_wconf 81' lang='lat' dir='ltr'><strong>aedeis</strong></span> <span class='ocrx_word' id='word_1_88' title='bbox 2401 1771 2629 1864; x_wconf 86' lang='lat' dir='ltr'><strong>gnosci</strong></span> <span class='ocrx_word' id='word_1_89' title='bbox 2637 1783 2754 1838; x_wconf 86' lang='lat' dir='ltr'><strong>tat.</strong></span> 
     </span>
    </p>

    <p class='ocr_par' dir='ltr' id='par_1_12' title="bbox 606 1875 2722 1972">
     <span class='ocr_line' id='line_1_14' title="bbox 606 1875 2722 1972; baseline 0 -22"><span class='ocrx_word' id='word_1_90' title='bbox 606 1878 861 1962; x_wconf 90' lang='lat' dir='ltr'><strong>Cred0,</strong></span> <span class='ocrx_word' id='word_1_91' title='bbox 880 1875 1159 1971; x_wconf 90' lang='lat' dir='ltr'><strong>edepol,</strong></span> <span class='ocrx_word' id='word_1_92' title='bbox 1183 1900 1320 1970; x_wconf 91' lang='lat' dir='ltr'><strong>quo</strong></span> <span class='ocrx_word' id='word_1_93' title='bbox 1348 1901 1505 1946; x_wconf 82' lang='lat' dir='ltr'><strong>mox</strong></span> <span class='ocrx_word' id='word_1_94' title='bbox 1532 1876 1833 1946; x_wconf 86' lang='lat' dir='ltr'><strong>furatum</strong></span> <span class='ocrx_word' id='word_1_95' title='bbox 1859 1878 2114 1961; x_wconf 86' lang='lat' dir='ltr'><strong>veniat,</strong></span> <span class='ocrx_word' id='word_1_96' title='bbox 2134 1877 2522 1972; x_wconf 83' lang='lat' dir='ltr'><strong>speculatur</strong></span> <span class='ocrx_word' id='word_1_97' title='bbox 2545 1878 2722 1952; x_wconf 88' lang='lat' dir='ltr'><strong>loca.</strong></span> 
     </span>
    </p>

    <p class='ocr_par' dir='ltr' id='par_1_13' title="bbox 606 1984 2768 2085">
     <span class='ocr_line' id='line_1_15' title="bbox 606 1984 2768 2085; baseline 0.001 -26"><span class='ocrx_word' id='word_1_98' title='bbox 606 1989 830 2085; x_wconf 86' lang='lat' dir='ltr'><strong>Magis</strong></span> <span class='ocrx_word' id='word_1_99' title='bbox 859 1985 1093 2056; x_wconf 90' lang='lat' dir='ltr'><strong>lubido</strong></span> <span class='ocrx_word' id='word_1_100' title='bbox 1107 1984 1191 2054; x_wconf 83' lang='lat' dir='ltr'><strong>&#39;st</strong></span> <span class='ocrx_word' id='word_1_101' title='bbox 1217 1987 1597 2073; x_wconf 87' lang='lat' dir='ltr'><strong>observare,</strong></span> <span class='ocrx_word' id='word_1_102' title='bbox 1625 1988 1789 2082; x_wconf 87' lang='lat' dir='ltr'><strong>quid</strong></span> <span class='ocrx_word' id='word_1_103' title='bbox 1824 2002 2014 2083; x_wconf 81' lang='lat' dir='ltr'><strong>agat3</strong></span> <span class='ocrx_word' id='word_1_104' title='bbox 2038 1989 2100 2056; x_wconf 89' lang='lat' dir='ltr'><strong>ei</strong></span> <span class='ocrx_word' id='word_1_105' title='bbox 2131 1989 2228 2056; x_wconf 89' lang='lat' dir='ltr'><strong>rei</strong></span> <span class='ocrx_word' id='word_1_106' title='bbox 2257 2015 2534 2084; x_wconf 86' lang='lat' dir='ltr'><strong>operam</strong></span> <span class='ocrx_word' id='word_1_107' title='bbox 2562 1990 2768 2061; x_wconf 85' lang='lat' dir='ltr'><strong>dabo.</strong></span> 
     </span>
    </p>

    <p class='ocr_par' dir='ltr' id='par_1_14' title="bbox 608 2097 2750 2192">
     <span class='ocr_line' id='line_1_16' title="bbox 608 2097 2750 2192; baseline -0.002 -20"><span class='ocrx_word' id='word_1_108' title='bbox 608 2123 761 2172; x_wconf 64' lang='lat' dir='ltr'><strong>src.</strong></span> <span class='ocrx_word' id='word_1_109' title='bbox 790 2103 929 2167; x_wconf 87' lang='lat' dir='ltr'><strong>Has</strong></span> <span class='ocrx_word' id='word_1_110' title='bbox 948 2097 1254 2192; x_wconf 86' lang='lat' dir='ltr'><strong>regiones</strong></span> <span class='ocrx_word' id='word_1_111' title='bbox 1282 2097 1770 2168; x_wconf 86' lang='lat' dir='ltr'><strong>demonstravit</strong></span> <span class='ocrx_word' id='word_1_112' title='bbox 1797 2099 1960 2168; x_wconf 86' lang='lat' dir='ltr'><strong>mihi</strong></span> <span class='ocrx_word' id='word_1_113' title='bbox 1980 2097 2109 2168; x_wconf 76' lang='lat' dir='ltr'><strong>.i.lle</strong></span> <span class='ocrx_word' id='word_1_114' title='bbox 2129 2099 2509 2170; x_wconf 85' lang='lat' dir='ltr'><strong>conductor</strong></span> <span class='ocrx_word' id='word_1_115' title='bbox 2535 2126 2750 2170; x_wconf 83' lang='lat' dir='ltr'><strong>meus:</strong></span> 
     </span>
    </p>

    <p class='ocr_par' dir='ltr' id='par_1_15' title="bbox 608 2197 2760 2303">
     <span class='ocr_line' id='line_1_17' title="bbox 608 2197 2760 2303; baseline 0 -24"><span class='ocrx_word' id='word_1_116' title='bbox 608 2208 814 2303; x_wconf 85' lang='lat' dir='ltr'><strong>Apud</strong></span> <span class='ocrx_word' id='word_1_117' title='bbox 846 2206 991 2276; x_wconf 85' lang='lat' dir='ltr'><strong>illas</strong></span> <span class='ocrx_word' id='word_1_118' title='bbox 1012 2206 1211 2276; x_wconf 82' lang='lat' dir='ltr'><strong>aedeis</strong></span> <span class='ocrx_word' id='word_1_119' title='bbox 1242 2207 1550 2281; x_wconf 76' lang='lat' dir='ltr'><strong>sistendae</strong></span> <span class='ocrx_word' id='word_1_120' title='bbox 1582 2208 1746 2276; x_wconf 84' lang='lat' dir='ltr'><strong>mihi</strong></span> <span class='ocrx_word' id='word_1_121' title='bbox 1786 2225 1946 2278; x_wconf 89' lang='lat' dir='ltr'><strong>sunt</strong></span> <span class='ocrx_word' id='word_1_122' title='bbox 1979 2209 2452 2303; x_wconf 81' lang='lat' dir='ltr'><strong>sycophantiae.</strong></span> <span class='ocrx_word' id='word_1_123' title='bbox 2557 2197 2570 2209; x_wconf 70' lang='grc'>’</span> <span class='ocrx_word' id='word_1_124' title='bbox 2703 2231 2760 2270; x_wconf 76' lang='lat'><strong>2⁵</strong></span> 
     </span>
    </p>

    <p class='ocr_par' dir='ltr' id='par_1_16' title="bbox 609 2316 2764 2498">
     <span class='ocr_line' id='line_1_18' title="bbox 609 2316 2764 2416; baseline 0.001 -26"><span class='ocrx_word' id='word_1_125' title='bbox 609 2323 663 2390; x_wconf 88' lang='lat' dir='ltr'><strong>F</strong></span> <span class='ocrx_word' id='word_1_126' title='bbox 664 2320 839 2414; x_wconf 89' lang='lat' dir='ltr'><strong>oreis</strong></span> <span class='ocrx_word' id='word_1_127' title='bbox 860 2316 1569 2414; x_wconf 64' lang='lat' dir='ltr'><strong>pultabo.cHARM.Ad</strong></span> <span class='ocrx_word' id='word_1_128' title='bbox 1591 2334 1852 2388; x_wconf 87' lang='lat' dir='ltr'><strong>nostras</strong></span> <span class='ocrx_word' id='word_1_129' title='bbox 1880 2318 2078 2388; x_wconf 81' lang='lat' dir='ltr'><strong>aedeis</strong></span> <span class='ocrx_word' id='word_1_130' title='bbox 2112 2320 2224 2388; x_wconf 85' lang='lat' dir='ltr'><strong>hic</strong></span> <span class='ocrx_word' id='word_1_131' title='bbox 2256 2322 2530 2416; x_wconf 89' lang='lat' dir='ltr'><strong>quidem</strong></span> <span class='ocrx_word' id='word_1_132' title='bbox 2561 2323 2764 2392; x_wconf 85' lang='lat' dir='ltr'><strong>habet</strong></span> 
     </span>
     <span class='ocr_line' id='line_1_19' title="bbox 917 2442 1402 2498; baseline 0.008 -4"><span class='ocrx_word' id='word_1_133' title='bbox 917 2442 1166 2496; x_wconf 88' lang='lat' dir='ltr'><strong>rectam</strong></span> <span class='ocrx_word' id='word_1_134' title='bbox 1205 2453 1402 2498; x_wconf 75' lang='lat' dir='ltr'><strong>viam.</strong></span> 
     </span>
    </p>

    <p class='ocr_par' dir='ltr' id='par_1_17' title="bbox 606 2536 2768 2742">
     <span class='ocr_line' id='line_1_20' title="bbox 606 2536 2768 2634; baseline 0.001 -25"><span class='ocrx_word' id='word_1_135' title='bbox 606 2538 877 2626; x_wconf 84' lang='lat' dir='ltr'><strong>Hercle,</strong></span> <span class='ocrx_word' id='word_1_136' title='bbox 912 2538 1157 2633; x_wconf 89' lang='lat' dir='ltr'><strong>opinor</strong></span> <span class='ocrx_word' id='word_1_137' title='bbox 1192 2537 1362 2606; x_wconf 88' lang='lat' dir='ltr'><strong>mihi</strong></span> <span class='ocrx_word' id='word_1_138' title='bbox 1412 2536 1798 2608; x_wconf 87' lang='lat' dir='ltr'><strong>advenienti</strong></span> <span class='ocrx_word' id='word_1_139' title='bbox 1836 2538 1964 2610; x_wconf 86' lang='lat' dir='ltr'><strong>hac</strong></span> <span class='ocrx_word' id='word_1_140' title='bbox 2013 2555 2216 2608; x_wconf 88' lang='lat' dir='ltr'><strong>noctu</strong></span> <span class='ocrx_word' id='word_1_141' title='bbox 2277 2541 2670 2634; x_wconf 86' lang='lat' dir='ltr'><strong>agitandum</strong></span> <span class='ocrx_word' id='word_1_142' title='bbox 2686 2541 2768 2612; x_wconf 83' lang='lat' dir='ltr'><strong>’st</strong></span> 
     </span>
     <span class='ocr_line' id='line_1_21' title="bbox 904 2646 1195 2742; baseline 0 -26"><span class='ocrx_word' id='word_1_143' title='bbox 904 2646 1195 2742; x_wconf 80' lang='lat' dir='ltr'><strong>vigilias,</strong></span> 
     </span>
    </p>
   </div>
   <div class='ocr_carea' id='block_1_2' title="bbox 603 2895 1645 4082">
    <p class='ocr_par' dir='ltr' id='par_1_18' title="bbox 606 2895 1645 3362">
     <span class='ocr_line' id='line_1_22' title="bbox 697 2895 1643 2965; baseline -0.006 -11"><span class='ocrx_word' id='word_1_144' title='bbox 697 2919 721 2954; x_wconf 87' lang='lat'>1</span> <span class='ocrx_word' id='word_1_145' title='bbox 736 2907 789 2965; x_wconf 75' lang='grc'><strong>4.</strong></span> <span class='ocrx_word' id='word_1_146' title='bbox 824 2900 907 2952; x_wconf 84' lang='grc' dir='ltr'><strong>Εο</strong></span> <span class='ocrx_word' id='word_1_147' title='bbox 942 2897 1207 2950; x_wconf 79' lang='lat' dir='ltr'><strong>conductor</strong></span> <span class='ocrx_word' id='word_1_148' title='bbox 1238 2895 1425 2949; x_wconf 72' lang='lat' dir='ltr'><strong>melius.</strong></span> <span class='ocrx_word' id='word_1_149' title='bbox 1461 2895 1518 2948; x_wconf 85' lang='lat' dir='ltr'><strong>Si</strong></span> <span class='ocrx_word' id='word_1_150' title='bbox 1553 2914 1612 2948; x_wconf 85' lang='lat' dir='ltr'><strong>ea</strong></span> <span class='ocrx_word' id='word_1_151' title='bbox 1627 2934 1643 2961; x_wconf 97' lang='lat'><strong>,</strong></span> 
     </span>
     <span class='ocr_line' id='line_1_23' title="bbox 608 2976 1644 3054; baseline -0.008 -19"><span class='ocrx_word' id='word_1_152' title='bbox 608 2999 729 3054; x_wconf 66' lang='lat' dir='ltr'><strong>quo</strong></span> <span class='ocrx_word' id='word_1_153' title='bbox 751 2978 941 3034; x_wconf 80' lang='lat' dir='ltr'><strong>doctus</strong></span> <span class='ocrx_word' id='word_1_154' title='bbox 958 2996 1076 3030; x_wconf 89' lang='lat' dir='ltr'><strong>sum</strong></span> <span class='ocrx_word' id='word_1_155' title='bbox 1094 3015 1110 3040; x_wconf 93' lang='lat'><strong>,</strong></span> <span class='ocrx_word' id='word_1_156' title='bbox 1141 2976 1469 3046; x_wconf 80' lang='lat' dir='ltr'><strong>expolivero‚</strong></span> <span class='ocrx_word' id='word_1_157' title='bbox 1494 2986 1644 3028; x_wconf 86' lang='lat' dir='ltr'><strong>tanto</strong></span> 
     </span>
     <span class='ocr_line' id='line_1_24' title="bbox 607 3056 1642 3126; baseline -0.007 -12"><span class='ocrx_word' id='word_1_158' title='bbox 607 3061 798 3114; x_wconf 78' lang='lat' dir='ltr'><strong>melius</strong></span> <span class='ocrx_word' id='word_1_159' title='bbox 837 3056 1132 3111; x_wconf 81' lang='lat' dir='ltr'><strong>conductor</strong></span> <span class='ocrx_word' id='word_1_160' title='bbox 1174 3073 1291 3108; x_wconf 87' lang='lat' dir='ltr'><strong>mea</strong></span> <span class='ocrx_word' id='word_1_161' title='bbox 1324 3073 1487 3126; x_wconf 79' lang='lat' dir='ltr'><strong>opera</strong></span> <span class='ocrx_word' id='word_1_162' title='bbox 1525 3073 1642 3108; x_wconf 84' lang='lat' dir='ltr'><strong>rem</strong></span> 
     </span>
     <span class='ocr_line' id='line_1_25' title="bbox 607 3136 1645 3211; baseline -0.009 -16"><span class='ocrx_word' id='word_1_163' title='bbox 607 3139 943 3211; x_wconf 76' lang='lat' dir='ltr'><strong>nugatoriam</strong></span> <span class='ocrx_word' id='word_1_164' title='bbox 980 3136 1291 3190; x_wconf 81' lang='lat' dir='ltr'><strong>confecerit.</strong></span> <span class='ocrx_word' id='word_1_165' title='bbox 1334 3137 1513 3188; x_wconf 64' lang='lat' dir='ltr'><strong>Luni.</strong></span> <span class='ocrx_word' id='word_1_166' title='bbox 1564 3166 1645 3176; x_wconf 91' lang='lat'><strong>-—-</strong></span> 
     </span>
     <span class='ocr_line' id='line_1_26' title="bbox 608 3215 1642 3274; baseline -0.006 0"><span class='ocrx_word' id='word_1_167' title='bbox 608 3221 788 3274; x_wconf 71' lang='lat' dir='ltr'><strong>Melius</strong></span> <span class='ocrx_word' id='word_1_168' title='bbox 826 3217 1169 3270; x_wconf 74' lang='lat' dir='ltr'><strong>conciliaverit.</strong></span> <span class='ocrx_word' id='word_1_169' title='bbox 1203 3215 1383 3268; x_wconf 85' lang='lat' dir='ltr'><strong>Pretio</strong></span> <span class='ocrx_word' id='word_1_170' title='bbox 1419 3216 1642 3268; x_wconf 88' lang='lat' dir='ltr'><strong>meliore</strong></span> 
     </span>
     <span class='ocr_line' id='line_1_27' title="bbox 606 3295 1343 3362; baseline -0.011 -8"><span class='ocrx_word' id='word_1_171' title='bbox 606 3299 816 3354; x_wconf 85' lang='lat' dir='ltr'><strong>emerit.</strong></span> <span class='ocrx_word' id='word_1_172' title='bbox 847 3299 992 3350; x_wconf 89' lang='lat' dir='ltr'><strong>Pers.</strong></span> <span class='ocrx_word' id='word_1_173' title='bbox 1015 3297 1117 3360; x_wconf 91' lang='lat' dir='ltr'><strong>IV,</strong></span> <span class='ocrx_word' id='word_1_174' title='bbox 1149 3295 1211 3360; x_wconf 86' lang='lat'><strong>3,</strong></span> <span class='ocrx_word' id='word_1_175' title='bbox 1249 3298 1343 3362; x_wconf 86' lang='lat'><strong>69.</strong></span> 
     </span>
    </p>

    <p class='ocr_par' dir='ltr' id='par_1_19' title="bbox 608 3375 1643 3531">
     <span class='ocr_line' id='line_1_28' title="bbox 698 3375 1643 3445; baseline -0.006 -12"><span class='ocrx_word' id='word_1_176' title='bbox 698 3399 721 3433; x_wconf 84' lang='lat'>1</span> <span class='ocrx_word' id='word_1_177' title='bbox 738 3379 789 3431; x_wconf 84' lang='lat'><strong>5.</strong></span> <span class='ocrx_word' id='word_1_178' title='bbox 812 3379 1087 3445; x_wconf 75' lang='lat' dir='ltr'><strong>Argentum</strong></span> <span class='ocrx_word' id='word_1_179' title='bbox 1113 3375 1201 3426; x_wconf 82' lang='grc' dir='ltr'><strong>Ιιοσ</strong></span> <span class='ocrx_word' id='word_1_180' title='bbox 1216 3375 1385 3442; x_wconf 80' lang='lat' dir='ltr'><strong>facit,</strong></span> <span class='ocrx_word' id='word_1_181' title='bbox 1418 3375 1455 3425; x_wconf 87' lang='lat' dir='ltr'><strong>i.</strong></span> <span class='ocrx_word' id='word_1_182' title='bbox 1480 3393 1525 3426; x_wconf 89' lang='lat' dir='ltr'><strong>e.</strong></span> <span class='ocrx_word' id='word_1_183' title='bbox 1557 3393 1643 3427; x_wconf 83' lang='lat' dir='ltr'><strong>me</strong></span> 
     </span>
     <span class='ocr_line' id='line_1_29' title="bbox 608 3457 1561 3531; baseline -0.007 -18"><span class='ocrx_word' id='word_1_184' title='bbox 608 3458 775 3531; x_wconf 73' lang='lat' dir='ltr'><strong>adigit</strong></span> <span class='ocrx_word' id='word_1_185' title='bbox 792 3497 809 3522; x_wconf 90' lang='lat'><strong>,</strong></span> <span class='ocrx_word' id='word_1_186' title='bbox 826 3470 888 3518; x_wconf 77' lang='lat' dir='ltr'><strong>ut</strong></span> <span class='ocrx_word' id='word_1_187' title='bbox 914 3457 1059 3508; x_wconf 87' lang='lat' dir='ltr'><strong>hunc</strong></span> <span class='ocrx_word' id='word_1_188' title='bbox 1086 3468 1334 3508; x_wconf 84' lang='lat' dir='ltr'><strong>ornatum</strong></span> <span class='ocrx_word' id='word_1_189' title='bbox 1362 3473 1561 3524; x_wconf 85' lang='lat' dir='ltr'><strong>geram.</strong></span> 
     </span>
    </p>

    <p class='ocr_par' dir='ltr' id='par_1_20' title="bbox 613 3534 1644 3685">
     <span class='ocr_line' id='line_1_30' title="bbox 701 3534 1644 3604; baseline -0.005 -11"><span class='ocrx_word' id='word_1_190' title='bbox 701 3539 793 3594; x_wconf 82' lang='lat'><strong>15.</strong></span> <span class='ocrx_word' id='word_1_191' title='bbox 834 3536 889 3590; x_wconf 90' lang='lat' dir='ltr'><em>A</em></span> <span class='ocrx_word' id='word_1_192' title='bbox 919 3536 1149 3604; x_wconf 68' lang='lat' dir='ltr'><strong>cleomgv.</strong></span> <span class='ocrx_word' id='word_1_193' title='bbox 1194 3534 1357 3588; x_wconf 80' lang='lat' dir='ltr'><strong>Conf.</strong></span> <span class='ocrx_word' id='word_1_194' title='bbox 1404 3535 1555 3588; x_wconf 83' lang='lat' dir='ltr'><strong>Pers.</strong></span> <span class='ocrx_word' id='word_1_195' title='bbox 1584 3537 1644 3600; x_wconf 89' lang='lat'><strong>1,</strong></span> 
     </span>
     <span class='ocr_line' id='line_1_31' title="bbox 613 3619 807 3685; baseline -0.005 -13"><span class='ocrx_word' id='word_1_196' title='bbox 613 3619 681 3685; x_wconf 77' lang='lat'><strong>3,</strong></span> <span class='ocrx_word' id='word_1_197' title='bbox 793 3658 807 3671; x_wconf 87' lang='lat'><strong>.</strong></span> 
     </span>
    </p>

    <p class='ocr_par' dir='ltr' id='par_1_21' title="bbox 611 3636 1640 3850">
     <span class='ocr_line' id='line_1_32' title="bbox 695 3636 1640 3768; baseline -0.004 -16"><span class='ocrx_word' id='word_1_198' title='bbox 695 3636 787 3768; x_wconf 70' lang='lat'><strong>1779.</strong></span> <span class='ocrx_word' id='word_1_199' title='bbox 822 3695 1207 3748; x_wconf 74' lang='lat' dir='ltr'><strong>Circumducere.</strong></span> <span class='ocrx_word' id='word_1_200' title='bbox 1242 3693 1436 3746; x_wconf 78' lang='lat' dir='ltr'><strong>Bacch.</strong></span> <span class='ocrx_word' id='word_1_201' title='bbox 1463 3695 1550 3754; x_wconf 82' lang='lat' dir='ltr'><strong>II..</strong></span> <span class='ocrx_word' id='word_1_202' title='bbox 1579 3695 1640 3758; x_wconf 82' lang='lat'><strong>3,</strong></span> 
     </span>
     <span class='ocr_line' id='line_1_33' title="bbox 611 3774 1317 3850; baseline -0.013 -17"><span class='ocrx_word' id='word_1_203' title='bbox 611 3795 708 3850; x_wconf 86' lang='lat'><strong>77.</strong></span> <span class='ocrx_word' id='word_1_204' title='bbox 737 3779 825 3832; x_wconf 84' lang='lat' dir='ltr'><strong>Cf.</strong></span> <span class='ocrx_word' id='word_1_205' title='bbox 848 3777 1011 3830; x_wconf 84' lang='lat' dir='ltr'><strong>Cure.</strong></span> <span class='ocrx_word' id='word_1_206' title='bbox 1035 3775 1133 3834; x_wconf 84' lang='lat' dir='ltr'><strong>lv,</strong></span> <span class='ocrx_word' id='word_1_207' title='bbox 1175 3792 1230 3838; x_wconf 84' lang='lat'><strong>1,</strong></span> <span class='ocrx_word' id='word_1_208' title='bbox 1260 3774 1317 3826; x_wconf 82' lang='lat'><strong>3.</strong></span> 
     </span>
    </p>

    <p class='ocr_par' dir='ltr' id='par_1_22' title="bbox 603 3851 1644 4082">
     <span class='ocr_line' id='line_1_34' title="bbox 693 3851 1644 3923; baseline -0.002 -15"><span class='ocrx_word' id='word_1_209' title='bbox 693 3861 782 3913; x_wconf 83' lang='lat'><strong>18·</strong></span> <span class='ocrx_word' id='word_1_210' title='bbox 818 3856 886 3910; x_wconf 81' lang='lat' dir='ltr'><strong>Ut</strong></span> <span class='ocrx_word' id='word_1_211' title='bbox 908 3876 980 3908; x_wconf 80' lang='lat' dir='ltr'><strong>me</strong></span> <span class='ocrx_word' id='word_1_212' title='bbox 1000 3874 1099 3906; x_wconf 78' lang='lat' dir='ltr'><strong>esse</strong></span> <span class='ocrx_word' id='word_1_213' title='bbox 1118 3856 1289 3923; x_wconf 68' lang='lat' dir='ltr'><strong>ipsunt.</strong></span> <span class='ocrx_word' id='word_1_214' title='bbox 1321 3851 1415 3904; x_wconf 82' lang='lat' dir='ltr'><strong>Ait</strong></span> <span class='ocrx_word' id='word_1_215' title='bbox 1444 3871 1501 3906; x_wconf 77' lang='lat' dir='ltr'><strong>se</strong></span> <span class='ocrx_word' id='word_1_216' title='bbox 1524 3853 1644 3909; x_wconf 74' lang='lat' dir='ltr'><strong>fore</strong></span> 
     </span>
     <span class='ocr_line' id='line_1_35' title="bbox 603 3931 1644 4007; baseline -0.007 -14"><span class='ocrx_word' id='word_1_217' title='bbox 603 3939 759 3993; x_wconf 81' lang='lat' dir='ltr'><strong>illum</strong></span> <span class='ocrx_word' id='word_1_218' title='bbox 784 3937 959 4007; x_wconf 71' lang='lat' dir='ltr'><strong>ipsum</strong></span> <span class='ocrx_word' id='word_1_219' title='bbox 983 3971 1000 3997; x_wconf 81' lang='lat'><strong>,</strong></span> <span class='ocrx_word' id='word_1_220' title='bbox 1035 3952 1137 4004; x_wconf 89' lang='lat' dir='ltr'><strong>pro</strong></span> <span class='ocrx_word' id='word_1_221' title='bbox 1170 3951 1279 4004; x_wconf 83' lang='lat' dir='ltr'><strong>qno</strong></span> <span class='ocrx_word' id='word_1_222' title='bbox 1320 3931 1389 3984; x_wconf 88' lang='lat' dir='ltr'><strong>sit</strong></span> <span class='ocrx_word' id='word_1_223' title='bbox 1422 3951 1644 3986; x_wconf 86' lang='lat' dir='ltr'><strong>exorna·</strong></span> 
     </span>
     <span class='ocr_line' id='line_1_36' title="bbox 606 4011 1601 4082; baseline -0.007 -9"><span class='ocrx_word' id='word_1_224' title='bbox 606 4032 719 4082; x_wconf 82' lang='lat' dir='ltr'><strong>tus;</strong></span> <span class='ocrx_word' id='word_1_225' title='bbox 742 4033 929 4068; x_wconf 80' lang='lat' dir='ltr'><strong>verum</strong></span> <span class='ocrx_word' id='word_1_226' title='bbox 954 4051 969 4079; x_wconf 92' lang='lat'><strong>,</strong></span> <span class='ocrx_word' id='word_1_227' title='bbox 994 4032 1105 4066; x_wconf 87' lang='lat' dir='ltr'><strong>non</strong></span> <span class='ocrx_word' id='word_1_228' title='bbox 1137 4011 1347 4066; x_wconf 81' lang='lat' dir='ltr'><strong>fictum.</strong></span> <span class='ocrx_word' id='word_1_229' title='bbox 1370 4011 1601 4068; x_wconf 59' lang='lat' dir='ltr'><strong>Tamus.</strong></span> 
     </span>
    </p>
   </div>
   <div class='ocr_carea' id='block_1_3' title="bbox 605 4091 1640 4244">
    <p class='ocr_par' dir='ltr' id='par_1_23' title="bbox 605 4091 1640 4244">
     <span class='ocr_line' id='line_1_37' title="bbox 695 4091 1640 4166; baseline -0.002 -16"><span class='ocrx_word' id='word_1_230' title='bbox 695 4117 783 4166; x_wconf 85' lang='lat'><strong>19.</strong></span> <span class='ocrx_word' id='word_1_231' title='bbox 813 4095 947 4148; x_wconf 78' lang='lat' dir='ltr'><strong>Mira</strong></span> <span class='ocrx_word' id='word_1_232' title='bbox 974 4105 1105 4146; x_wconf 73' lang='lat' dir='ltr'><strong>sunt.</strong></span> <span class='ocrx_word' id='word_1_233' title='bbox 1129 4092 1291 4148; x_wconf 77' lang='lat' dir='ltr'><strong>Conf.</strong></span> <span class='ocrx_word' id='word_1_234' title='bbox 1316 4091 1509 4146; x_wconf 78' lang='lat' dir='ltr'><strong>Bacch.</strong></span> <span class='ocrx_word' id='word_1_235' title='bbox 1535 4096 1640 4163; x_wconf 87' lang='grc' dir='ltr'><strong>ΙΙΙ,</strong></span> 
     </span>
     <span class='ocr_line' id='line_1_38' title="bbox 605 4179 801 4244; baseline -0.02 -11"><span class='ocrx_word' id='word_1_236' title='bbox 605 4180 637 4233; x_wconf 88' lang='grc'><strong>3</strong></span> <span class='ocrx_word' id='word_1_237' title='bbox 656 4216 674 4244; x_wconf 84' lang='grc'>,</span> <span class='ocrx_word' id='word_1_238' title='bbox 708 4179 801 4240; x_wconf 76' lang='grc'><strong>46.</strong></span> 
     </span>
    </p>
   </div>
   <div class='ocr_carea' id='block_1_4' title="bbox 1727 2898 2820 4244">
    <p class='ocr_par' dir='ltr' id='par_1_24' title="bbox 1733 2898 2766 3272">
     <span class='ocr_line' id='line_1_39' title="bbox 1819 2898 2764 2967; baseline 0.006 -17"><span class='ocrx_word' id='word_1_239' title='bbox 1819 2917 1906 2952; x_wconf 70' lang='lat' dir='ltr'><strong>ao.</strong></span> <span class='ocrx_word' id='word_1_240' title='bbox 1965 2899 2293 2955; x_wconf 68' lang='lat' dir='ltr'><strong>Dor-nitatur.</strong></span> <span class='ocrx_word' id='word_1_241' title='bbox 2345 2898 2413 2952; x_wconf 80' lang='lat' dir='ltr'><strong>Id</strong></span> <span class='ocrx_word' id='word_1_242' title='bbox 2483 2914 2562 2954; x_wconf 87' lang='lat' dir='ltr'><strong>est</strong></span> <span class='ocrx_word' id='word_1_243' title='bbox 2586 2941 2602 2967; x_wconf 93' lang='lat'><strong>,</strong></span> <span class='ocrx_word' id='word_1_244' title='bbox 2657 2901 2764 2956; x_wconf 81' lang='lat' dir='ltr'><strong>fur.</strong></span> 
     </span>
     <span class='ocr_line' id='line_1_40' title="bbox 1734 2977 2764 3053; baseline 0.006 -23"><span class='ocrx_word' id='word_1_245' title='bbox 1734 2977 2203 3044; x_wconf 84' lang='lat' dir='ltr'><strong>Quemadmodum</strong></span> <span class='ocrx_word' id='word_1_246' title='bbox 2251 2991 2304 3032; x_wconf 85' lang='lat' dir='ltr'><strong>et</strong></span> <span class='ocrx_word' id='word_1_247' title='bbox 2340 2979 2602 3053; x_wconf 76' lang='lat' dir='ltr'><strong>Hesiodus</strong></span> <span class='ocrx_word' id='word_1_248' title='bbox 2639 2984 2764 3053; x_wconf 70' lang='grc' dir='ltr'><strong>ἧμι-</strong></span> 
     </span>
     <span class='ocr_line' id='line_1_41' title="bbox 1733 3059 2762 3130; baseline 0.005 -20"><span class='ocrx_word' id='word_1_249' title='bbox 1733 3059 1947 3128; x_wconf 76' lang='grc' dir='ltr'>ρόκοιτον</span> <span class='ocrx_word' id='word_1_250' title='bbox 1981 3060 2152 3111; x_wconf 81' lang='lat' dir='ltr'><strong>furem</strong></span> <span class='ocrx_word' id='word_1_251' title='bbox 2183 3061 2448 3130; x_wconf 80' lang='lat' dir='ltr'><strong>appellat3</strong></span> <span class='ocrx_word' id='word_1_252' title='bbox 2489 3061 2640 3130; x_wconf 85' lang='lat' dir='ltr'><strong>quod</strong></span> <span class='ocrx_word' id='word_1_253' title='bbox 2678 3063 2762 3115; x_wconf 88' lang='lat' dir='ltr'><strong>in·</strong></span> 
     </span>
     <span class='ocr_line' id='line_1_42' title="bbox 1734 3136 2766 3212; baseline 0.007 -22"><span class='ocrx_word' id='word_1_254' title='bbox 1734 3136 1912 3191; x_wconf 71' lang='lat' dir='ltr'><strong>tex-diu</strong></span> <span class='ocrx_word' id='word_1_255' title='bbox 1949 3137 2216 3204; x_wconf 83' lang='lat' dir='ltr'><strong>dormiat,</strong></span> <span class='ocrx_word' id='word_1_256' title='bbox 2265 3153 2428 3192; x_wconf 78' lang='lat' dir='ltr'><strong>noctu</strong></span> <span class='ocrx_word' id='word_1_257' title='bbox 2453 3141 2669 3212; x_wconf 84' lang='lat' dir='ltr'><strong>evigilet</strong></span> <span class='ocrx_word' id='word_1_258' title='bbox 2697 3142 2766 3196; x_wconf 83' lang='lat' dir='ltr'><strong>ad</strong></span> 
     </span>
     <span class='ocr_line' id='line_1_43' title="bbox 1733 3216 2258 3272; baseline 0.002 -2"><span class='ocrx_word' id='word_1_259' title='bbox 1733 3216 2042 3272; x_wconf 83' lang='lat' dir='ltr'><strong>furandum.</strong></span> <span class='ocrx_word' id='word_1_260' title='bbox 2071 3218 2258 3272; x_wconf 66' lang='lat' dir='ltr'><strong>Tuan.</strong></span> 
     </span>
    </p>

    <p class='ocr_par' dir='ltr' id='par_1_25' title="bbox 1733 3291 2820 3602">
     <span class='ocr_line' id='line_1_44' title="bbox 1818 3291 2820 3374; baseline 0.006 -25"><span class='ocrx_word' id='word_1_261' title='bbox 1818 3316 1846 3349; x_wconf 77' lang='lat'>2</span> <span class='ocrx_word' id='word_1_262' title='bbox 1861 3316 1908 3350; x_wconf 85' lang='lat'><strong>1.</strong></span> <span class='ocrx_word' id='word_1_263' title='bbox 1955 3298 2334 3368; x_wconf 64' lang='lat' dir='ltr'><strong>Cir-cumputat</strong></span> <span class='ocrx_word' id='word_1_264' title='bbox 2353 3319 2470 3354; x_wconf 76' lang='lat' dir='ltr'><strong>sese.</strong></span> <span class='ocrx_word' id='word_1_265' title='bbox 2494 3301 2666 3374; x_wconf 83' lang='lat' dir='ltr'><strong>Supra</strong></span> <span class='ocrx_word' id='word_1_266' title='bbox 2701 3303 2730 3355; x_wconf 94' lang='grc' dir='ltr'><strong>Ι</strong></span> <span class='ocrx_word' id='word_1_267' title='bbox 2748 3341 2765 3368; x_wconf 87' lang='grc'><em>,</em></span> <span class='ocrx_word' id='word_1_268' title='bbox 2813 3291 2820 3300; x_wconf 76' lang='grc'>’</span> 
     </span>
     <span class='ocr_line' id='line_1_45' title="bbox 1739 3375 2763 3446; baseline 0.005 -16"><span class='ocrx_word' id='word_1_269' title='bbox 1739 3397 1797 3440; x_wconf 74' lang='lat'><strong>2,</strong></span> <span class='ocrx_word' id='word_1_270' title='bbox 1823 3395 2037 3446; x_wconf 84' lang='lat'><strong>109.—</strong></span> <span class='ocrx_word' id='word_1_271' title='bbox 2061 3375 2339 3444; x_wconf 77' lang='lat' dir='ltr'><strong>Gnosce‘tat,</strong></span> <span class='ocrx_word' id='word_1_272' title='bbox 2365 3397 2584 3434; x_wconf 83' lang='lat' dir='ltr'><strong>noscere</strong></span> <span class='ocrx_word' id='word_1_273' title='bbox 2601 3401 2763 3435; x_wconf 83' lang='lat' dir='ltr'><strong>cona-</strong></span> 
     </span>
     <span class='ocr_line' id='line_1_46' title="bbox 1733 3457 2763 3532; baseline 0.006 -22"><span class='ocrx_word' id='word_1_274' title='bbox 1733 3469 1844 3518; x_wconf 74' lang='lat' dir='ltr'><strong>tur,</strong></span> <span class='ocrx_word' id='word_1_275' title='bbox 1873 3457 2129 3528; x_wconf 82' lang='lat' dir='ltr'><strong>explorat.</strong></span> <span class='ocrx_word' id='word_1_276' title='bbox 2160 3458 2303 3514; x_wconf 85' lang='lat' dir='ltr'><strong>Vide</strong></span> <span class='ocrx_word' id='word_1_277' title='bbox 2343 3459 2544 3532; x_wconf 78' lang='lat' dir='ltr'><strong>Amph.</strong></span> <span class='ocrx_word' id='word_1_278' title='bbox 2577 3462 2667 3528; x_wconf 88' lang='lat'><strong>11,</strong></span> <span class='ocrx_word' id='word_1_279' title='bbox 2697 3483 2728 3516; x_wconf 65' lang='grc' dir='ltr'>α</span> <span class='ocrx_word' id='word_1_280' title='bbox 2745 3500 2763 3528; x_wconf 83' lang='grc'><strong><em>,</em></strong></span> 
     </span>
     <span class='ocr_line' id='line_1_47' title="bbox 1733 3536 2166 3602; baseline 0.007 -14"><span class='ocrx_word' id='word_1_281' title='bbox 1733 3549 1786 3588; x_wconf 89' lang='lat' dir='ltr'><strong>et</strong></span> <span class='ocrx_word' id='word_1_282' title='bbox 1807 3536 1976 3590; x_wconf 88' lang='lat' dir='ltr'><strong>Stich.</strong></span> <span class='ocrx_word' id='word_1_283' title='bbox 2001 3538 2084 3602; x_wconf 85' lang='lat'><strong>11,</strong></span> <span class='ocrx_word' id='word_1_284' title='bbox 2120 3556 2166 3591; x_wconf 82' lang='lat'><strong>1.</strong></span> 
     </span>
    </p>

    <p class='ocr_par' dir='ltr' id='par_1_26' title="bbox 1817 3617 2524 3684">
     <span class='ocr_line' id='line_1_48' title="bbox 1817 3617 2524 3684; baseline 0.006 -16"><span class='ocrx_word' id='word_1_285' title='bbox 1817 3635 1846 3668; x_wconf 75' lang='lat'>2</span> <span class='ocrx_word' id='word_1_286' title='bbox 1859 3622 1910 3680; x_wconf 67' lang='grc'><strong>4.</strong></span> <span class='ocrx_word' id='word_1_287' title='bbox 1937 3617 2238 3684; x_wconf 77' lang='lat' dir='ltr'><strong>Conductor,</strong></span> <span class='ocrx_word' id='word_1_288' title='bbox 2260 3619 2524 3672; x_wconf 75' lang='lat' dir='ltr'><strong>Callicles.</strong></span> 
     </span>
    </p>

    <p class='ocr_par' dir='ltr' id='par_1_27' title="bbox 1727 3697 2770 4244">
     <span class='ocr_line' id='line_1_49' title="bbox 1815 3697 2760 3771; baseline 0.006 -23"><span class='ocrx_word' id='word_1_289' title='bbox 1815 3714 1907 3767; x_wconf 74' lang='lat'><strong>27.</strong></span> <span class='ocrx_word' id='word_1_290' title='bbox 1935 3697 2242 3766; x_wconf 74' lang='lat' dir='ltr'><strong>Agitandum</strong></span> <span class='ocrx_word' id='word_1_291' title='bbox 2264 3698 2328 3750; x_wconf 77' lang='lat' dir='ltr'><strong>’st</strong></span> <span class='ocrx_word' id='word_1_292' title='bbox 2353 3699 2552 3768; x_wconf 72' lang='lat' dir='ltr'><strong>vigilias</strong></span> <span class='ocrx_word' id='word_1_293' title='bbox 2571 3738 2586 3760; x_wconf 85' lang='lat'><strong>,</strong></span> <span class='ocrx_word' id='word_1_294' title='bbox 2622 3719 2724 3771; x_wconf 78' lang='lat' dir='ltr'><strong>pro</strong></span> <span class='ocrx_word' id='word_1_295' title='bbox 2741 3739 2760 3766; x_wconf 84' lang='lat'><strong>,</strong></span> 
     </span>
     <span class='ocr_line' id='line_1_50' title="bbox 1730 3775 2770 3851; baseline 0.006 -23"><span class='ocrx_word' id='word_1_296' title='bbox 1730 3796 1753 3819; x_wconf 68' lang='grc' dir='ltr'><strong>α</strong></span> <span class='ocrx_word' id='word_1_297' title='bbox 1769 3775 2028 3845; x_wconf 74' lang='lat' dir='ltr'><strong>agitandae</strong></span> <span class='ocrx_word' id='word_1_298' title='bbox 2047 3791 2172 3846; x_wconf 59' lang='lat' dir='ltr'><strong>sunt</strong></span> <span class='ocrx_word' id='word_1_299' title='bbox 2191 3777 2384 3848; x_wconf 68' lang='lat' dir='ltr'><strong>vigilia</strong></span> <span class='ocrx_word' id='word_1_300' title='bbox 2406 3803 2454 3829; x_wconf 74' lang='lat'><strong>»-</strong></span> <span class='ocrx_word' id='word_1_301' title='bbox 2476 3779 2562 3832; x_wconf 84' lang='lat' dir='ltr'><strong>sic</strong></span> <span class='ocrx_word' id='word_1_302' title='bbox 2583 3779 2770 3851; x_wconf 80' lang='lat' dir='ltr'><strong>loque·</strong></span> 
     </span>
     <span class='ocr_line' id='line_1_51' title="bbox 1729 3855 2764 3929; baseline 0.008 -23"><span class='ocrx_word' id='word_1_303' title='bbox 1729 3855 1930 3908; x_wconf 81' lang='lat' dir='ltr'><strong>bantur</strong></span> <span class='ocrx_word' id='word_1_304' title='bbox 1961 3856 2232 3910; x_wconf 82' lang='lat' dir='ltr'><strong>interdum</strong></span> <span class='ocrx_word' id='word_1_305' title='bbox 2259 3857 2490 3929; x_wconf 81' lang='lat' dir='ltr'><strong>antiqui,</strong></span> <span class='ocrx_word' id='word_1_306' title='bbox 2513 3872 2574 3912; x_wconf 85' lang='lat' dir='ltr'><strong>ut</strong></span> <span class='ocrx_word' id='word_1_307' title='bbox 2601 3860 2764 3914; x_wconf 76' lang='lat' dir='ltr'><strong>Vart.</strong></span> 
     </span>
     <span class='ocr_line' id='line_1_52' title="bbox 1731 3933 2758 4011; baseline 0.005 -23"><span class='ocrx_word' id='word_1_308' title='bbox 1731 3933 1798 3988; x_wconf 85' lang='lat' dir='ltr'><strong>de</strong></span> <span class='ocrx_word' id='word_1_309' title='bbox 1831 3937 1912 3988; x_wconf 86' lang='lat' dir='ltr'><strong>Re</strong></span> <span class='ocrx_word' id='word_1_310' title='bbox 1941 3937 2094 3990; x_wconf 84' lang='lat' dir='ltr'><strong>Rust.</strong></span> <span class='ocrx_word' id='word_1_311' title='bbox 2123 3937 2178 3988; x_wconf 92' lang='lat'><strong>11</strong></span> <span class='ocrx_word' id='word_1_312' title='bbox 2199 3976 2214 4002; x_wconf 88' lang='lat'><strong>,</strong></span> <span class='ocrx_word' id='word_1_313' title='bbox 2273 3941 2316 4006; x_wconf 82' lang='lat'><strong>7&#39;</strong></span> <span class='ocrx_word' id='word_1_314' title='bbox 2345 3959 2357 3988; x_wconf 90' lang='lat'>:</span> <span class='ocrx_word' id='word_1_315' title='bbox 2409 3964 2434 3984; x_wconf 73' lang='grc' dir='ltr'>ι</span> <span class='ocrx_word' id='word_1_316' title='bbox 2465 3938 2758 4011; x_wconf 73' lang='lat' dir='ltr'><strong>prodigen-</strong></span> 
     </span>
     <span class='ocr_line' id='line_1_53' title="bbox 1731 4012 2768 4086; baseline 0.007 -20"><span class='ocrx_word' id='word_1_317' title='bbox 1731 4012 1860 4068; x_wconf 89' lang='lat' dir='ltr'><strong>dum</strong></span> <span class='ocrx_word' id='word_1_318' title='bbox 1907 4015 2165 4086; x_wconf 76' lang='lat' dir='ltr'><strong>equuleos</strong></span> <span class='ocrx_word' id='word_1_319' title='bbox 2188 4035 2250 4082; x_wconf 69' lang='lat'><strong>²3</strong></span> <span class='ocrx_word' id='word_1_320' title='bbox 2291 4031 2346 4071; x_wconf 84' lang='lat' dir='ltr'><strong>et</strong></span> <span class='ocrx_word' id='word_1_321' title='bbox 2385 4016 2542 4082; x_wconf 84' lang='lat' dir='ltr'><strong>alibi,</strong></span> <span class='ocrx_word' id='word_1_322' title='bbox 2590 4033 2768 4072; x_wconf 76' lang='lat' dir='ltr'><strong>«tem-</strong></span> 
     </span>
     <span class='ocr_line' id='line_1_54' title="bbox 1727 4095 2766 4164; baseline 0.005 -17"><span class='ocrx_word' id='word_1_323' title='bbox 1727 4113 1858 4164; x_wconf 82' lang='lat' dir='ltr'><strong>pora</strong></span> <span class='ocrx_word' id='word_1_324' title='bbox 1883 4095 2414 4150; x_wconf 78' lang='lat' dir='ltr'><strong>animadvertendum</strong></span> <span class='ocrx_word' id='word_1_325' title='bbox 2437 4111 2490 4150; x_wconf 87' lang='lat' dir='ltr'><strong>et</strong></span> <span class='ocrx_word' id='word_1_326' title='bbox 2505 4097 2624 4154; x_wconf 77' lang='lat' dir='ltr'><strong>loca</strong></span> <span class='ocrx_word' id='word_1_327' title='bbox 2643 4098 2766 4152; x_wconf 82' lang='lat' dir='ltr'><strong>ido·</strong></span> 
     </span>
     <span class='ocr_line' id='line_1_55' title="bbox 1727 4173 2559 4244; baseline 0.002 -16"><span class='ocrx_word' id='word_1_328' title='bbox 1727 4194 1830 4230; x_wconf 75' lang='lat' dir='ltr'><strong>nea</strong></span> <span class='ocrx_word' id='word_1_329' title='bbox 1855 4173 2250 4244; x_wconf 81' lang='lat' dir='ltr'><strong>providendum</strong></span> <span class='ocrx_word' id='word_1_330' title='bbox 2271 4202 2320 4231; x_wconf 84' lang='lat'><strong>-.</strong></span> <span class='ocrx_word' id='word_1_331' title='bbox 2345 4175 2559 4232; x_wconf 53' lang='lat' dir='ltr'><strong>Gaea?</strong></span> 
     </span>
    </p>
   </div>
  </div>
 </body>
</html>
