3067 5017
579 479 713 565 184
1318 467 1978 546 PSEUDOLUS,

1047 729 1501 858 SCENA
1585 718 2224 811 SEPTIMA.

1077 914 1491 1054 nAnpr,
1545 966 1775 1036 SlMo
1794 1014 1814 1049 ,
1865 959 2227 1028 BALuo.

574 1194 786 1240 mnu».
817 1166 1044 1237 Malus
1080 1181 1148 1235 et
1183 1189 1476 1259 nequam
1497 1163 1580 1231 ’st
1599 1156 1969 1250 homo,qui
1988 1152 2179 1223 nihili
2217 1152 2551 1247 inperium
2572 1150 2723 1219 heri

573 1280 695 1349 Sui
729 1304 951 1347 servos
983 1277 1164 1347 facit.
1199 1274 1413 1349 Nihili
1450 1288 1552 1343 est
1585 1285 1847 1355 autem,
1893 1291 2088 1335 suum

571 1390 712 1479 Qui
749 1386 1069 1483 opficium
1109 1388 1324 1456 facere
1359 1388 1693 1453 inmemor
1722 1394 1821 1448 est
1848 1432 1866 1462 ‚
1902 1375 2031 1443 nisi
2067 1374 2233 1443 adeo
2268 1372 2586 1442 monitus,

571 1505 749 1572 Nam
787 1500 906 1595 qui
944 1496 1192 1567 liberos
1227 1522 1368 1566 esse
1407 1495 1611 1564 inlico
1647 1518 1715 1562 se
1754 1490 2191 1570 arbitrantur,

572 1612 1080 1703 Ex·conspectu
1124 1609 1268 1677 heri
1308 1609 1361 1676 si
1402 1608 1503 1676 sui
1554 1631 1622 1675 se
1660 1601 2103 1686 abdiderunt,
2522 1676 2529 1683 ,
2570 1602 2581 1613 ’
2703 1614 2729 1651 ⁵

573 1722 1058 1804 Luxuriantur,
1102 1718 1512 1802 lustrantur,
1548 1714 1915 1786 comedunt
1951 1708 2135 1805 quod

572 1832 879 1919 Habent,
929 1832 972 1899 ii
1012 1854 1255 1899 nomen
1297 1828 1415 1898 diu
1457 1825 1794 1897 servitutis
1836 1822 2108 1891 ferunt:

571 1942 717 2011 Nec
753 1939 915 2008 boni
955 1938 1203 2032 ingenii
1243 1937 1612 2033 quidquam
1652 1937 1720 2003 in
1755 1934 1863 2002 his
1900 1934 2103 2013 inest,
2139 1928 2268 1997 nisi
2304 1940 2381 1995 ut
2420 1925 2527 1992 iu-

574 2051 819 2121 Probis
857 2075 926 2119 se
968 2047 1226 2119 artibus
1273 2062 1545 2117 teneant
1578 2074 1592 2116 :
1640 2071 1796 2117 cum
1829 2045 1934 2113 his
1974 2041 2140 2112 mihi
2178 2064 2302 2107 nec
2337 2034 2564 2123 locuS,
2601 2060 2730 2104 nec

873 2184 1091 2227 sermo

577 2268 942 2355 Convenit,
989 2293 1206 2362 neque
1243 2267 1685 2360 his'unquam
1725 2263 2014 2360 gnobilis
2052 2255 2195 2333 fui.'
2674 2292 2730 2321 ιο

574 2384 750 2473 Ego,
788 2393 863 2446 ut
901 2378 1063 2446 mihi
1100 2375 1612 2472 inperatum’st,
1643 2378 1765 2445 etsi
1808 2375 2020 2461 abest,
2050 2373 2197 2442 heic
2225 2372 2452 2442 adesse
2482 2370 2727 2437 herum

573 2487 893 2557 Arbitror
925 2513 941 2555 ε
991 2510 1173 2555 nunc
1210 2512 1334 2580 ego
1373 2486 1566 2555 illum
1604 2500 1869 2571 metue,
1905 2509 2110 2578 quom
2144 2484 2293 2552 heic
2324 2507 2460 2549 non
2499 2479 2727 2567 adest,

575 2601 680 2668 Ne
715 2621 920 2690 quom
957 2596 1163 2665 adsiet
1187 2651 1205 2684 ,
1240 2613 1573 2685 metuam3
1602 2598 1660 2665 ei
1701 2599 1796 2664 rei
1833 2620 2107 2689 operam
2146 2593 2340 2663 dabo,

575 2709 756 2777 Nam
799 2732 904 2774 me
943 2707 1013 2773 in
1059 2708 1337 2774 taberna
1383 2732 1596 2801 usque
1637 2706 1857 2775 adhuc
1896 2708 2144 2774 sineret
2188 2709 2427 2799 Syrus,

582 2817 767 2906 Quoi
816 2816 967 2884 dedi
1003 2816 1418 2910 symbolum3
1451 2820 1667 2885 mansi
1713 2833 1781 2885 ut
1816 2817 2152 2910 jusserat:
2680 2828 2729 2868 ⁸⁵

579 2931 767 2999 Leno
811 2928 925 2995 ubi
967 2942 1137 2995 esset
1181 2926 1397 3011 domi,
1439 2954 1548 3019 me
1584 2927 1765 2995 aibat
1800 2950 2133 2997 arcessere
2166 2951 2183 2994 ε

580 3042 838 3107 Verum
876 3037 992 3106 ubi
1035 3038 1087 3106 is
1126 3063 1262 3106 non
1304 3039 1516 3126 venit,
1549 3062 1673 3108 nec
1710 3052 1941 3127 vocat,
1975 3038 2169 3106 venio
2208 3034 2342 3104 huc
2382 3032 2594 3122 ultro,

673 3265 723 3300 ι.
761 3242 929 3298 Malus
969 3256 1018 3297 et
1048 3264 1278 3317 nequam,
1316 3258 1416 3299 etc.
1453 3244 1615 3300 Haud

584 3325 750 3381 semel
780 3325 1056 3378 Plautinos
1091 3344 1270 3379 servos
1308 3325 1492 3379 audias
1535 3346 1615 3379 sa-

581 3406 812 3479 pienter,
835 3403 966 3476 quid
983 3404 1174 3457 servile
1194 3405 1328 3459 ferat
1352 3406 1615 3471 officium,

590 3484 957 3539 edisserentes.
976 3482 1104 3535 vid.
1127 3484 1248 3536 Aul.
1275 3486 1376 3549 IV,
1407 3506 1428 3539 1
1453 3506 1468 3551 ς
1497 3487 1615 3539 Me·

588 3564 894 3623 naechm.V‚
924 3571 955 3617 6
975 3602 990 3627 ,
1011 3576 1062 3617 et
1085 3564 1244 3617 Most.
1265 3565 1367 3629 IV,
1394 3584 1443 3619 1.

674 3648 728 3698 6.
762 3644 1071 3697 Lustrantur.
1110 3646 1316 3709 Lustra,
1351 3644 1612 3711 lustmm’s,

589 3737 670 3777 est
706 3723 799 3794 qui
839 3725 894 3777 in
929 3724 1108 3775 lustris
1152 3726 1344 3795 patrita
1383 3739 1434 3778 et
1474 3725 1616 3777 avita

590 3802 840 3858 absumit.
884 3804 1098 3856 Naevius
1127 3822 1140 3856 ε
1191 3830 1214 3851 ι
1240 3805 1615 3858 Pessumorum

591 3902 869 3957 pessume,
915 3881 1119 3948 audax,
1160 3902 1361 3955 ganeo,
1415 3886 1618 3949 lustro,

586 3964 708 4017 aleo
738 3990 785 4017 ιι.
811 3964 880 4019 Et
917 3963 1138 4015 verbum
1179 3965 1408 4029 Iuste-ari,
1439 3964 1610 4017 Lucil.

589 4066 611 4087 c
643 4043 816 4107 Quem
863 4054 1098 4096 sumtum
1154 4042 1284 4097 facis
1334 4046 1386 4097 in
1435 4044 1613 4097 lustris

586 4124 727 4177 circa
754 4120 955 4194 oppida
983 4124 1211 4176 lustrans
1235 4150 1284 4179 ι».
1324 4124 1394 4178 Et
1431 4125 1609 4177 lustra·

585 4216 789 4257 mentum
803 4200 950 4275 apud
972 4202 1166 4267 sctum
1197 4205 1444 4277 ἀσέλγεια,
1469 4206 1613 4275 ἀφρο-

1702 3242 1987 3317 δισιασμός.
2018 3248 2170 3300 Seu..
2196 3274 2275 3289 --
2310 3242 2577 3298 Comedunt
2600 3242 2737 3312 quod

1704 3327 1894 3378 habent.
1919 3327 2040 3379 Non
2072 3338 2149 3378 est
2178 3343 2390 3379 necesse
2422 3322 2613 3375 mutari
2644 3319 2733 3373 di-

1702 3406 2040 3459 stinctionem
2058 3442 2072 3463 ‚
2104 3418 2155 3459 et
2185 3405 2371 3459 referri
2400 3402 2456 3455 id
2484 3402 2617 3474 quod
2638 3401 2731 3451 ha-

1705 3486 1815 3547 bene
1836 3484 1903 3537 ad
1920 3504 2148 3557 sequens
2166 3505 2352 3537 nomen.
2376 3484 2527 3536 Servi
2548 3499 2731 3533 come-

1704 3566 1840 3619 dunt
1866 3565 2012 3636 quod
2044 3566 2272 3628 habent,
2296 3563 2425 3617 dum
2457 3561 2730 3634 peculium

1706 3665 1859 3699 suum
1886 3646 2313 3698 tuburcinantur.
2334 3643 2509 3697 SALM.

1790 3728 1842 3778 8.
1878 3726 1983 3777 Nec
2010 3725 2123 3776 bom·
2147 3730 2247 3795 ing.
2272 3725 2434 3795 quidq.
2456 3739 2633 3793 neque
2648 3718 2735 3773 in-

1709 3804 1909 3859 dustria
1935 3804 2137 3869 valent,
2158 3801 2261 3857 nisi
2284 3817 2359 3867 ut,
2382 3816 2481 3857 etc.

1797 3905 1881 3939 10.
1922 3884 2166 3939 Gnobitis.
2194 3882 2337 3937 Vide
2372 3900 2532 3955 supra
2557 3899 2631 3933 sc.
2668 3898 2696 3931 π
2716 3918 2734 3943 ,

1701 3985 1775 4019 vs,
1806 3985 1837 4035 9
1856 4000 1873 4027 ‚
1906 3967 1999 4033 39.

1788 4051 1876 4108 14.
1919 4044 2110 4099 Sineret
2141 4040 2415 4105 desidem,
2454 4039 2555 4095 nisi
2588 4038 2735 4091 ultro

1700 4124 1937 4179 officium
1964 4125 2303 4197 capesserem.
2320 4127 2399 4162 -“-·
2412 4120 2473 4193 5]
2483 4116 2736 4173 rus.Vi‹le

1702 4226 1861 4279 supra
1885 4206 1971 4272 II,
2008 4227 2065 4273 2,
2110 4212 2201 4269 4²·
