3067 5017
624 431 769 517 246
1109 528 1113 536 .
1462 431 1940 518 RUDENS,
2005 471 2014 477 ·

624 577 811 624 nme.
839 553 1128 650 Edepol,
1154 552 1525 626 infortunio
1555 555 1899 630 hominem
1927 552 2248 648 praedicas
2270 548 2674 625 donabilem.
2713 575 2784 614 ⁴0

616 689 879 736 nima.
914 667 1063 756 Qui
1082 666 1407 736 sacerdoti
1436 665 1751 738 scelestus
1778 665 2026 736 fauceis
2055 667 2568 760 interpresserit.

617 799 811 848 ΒΕΜ.
826 781 917 848 At
944 775 1122 846 malo
1142 799 1296 846 cum
1320 801 1570 872 magno
1593 801 1714 846 suo
1737 776 1919 861 fecit,
1934 773 2156 846 hercle
2179 801 2194 844 ε
2217 776 2308 846 ite
2333 777 2528 844 istinc
2557 775 2772 864 foram,

616 885 974 974 Turbali0‚
1027 889 1317 981 Spamx,
1364 889 1483 956 ubi
1523 887 1728 956 estis?
1761 911 2020 958 TRACH.
2071 889 2132 975 Ι,
2173 886 2486 974 obsecro,
2541 887 2770 974 intre,

902 996 1185 1067 subveni
1671 1073 1692 1086 .

612 1103 776 1176 Illis.
810 1131 1001 1178 nm.
1040 1113 1297 1178 Iterum
1325 1107 1508 1177 haud
1543 1108 1903 1202 inperabo‚
1941 1107 2299 1202 sequimini
2325 1106 2472 1176 hae.
2497 1131 2762 1176 TRACH.

904 1221 1053 1313 Age
1094 1243 1277 1290 nunc
1315 1219 1489 1312 jam,

610 1328 649 1394 J
655 1327 783 1395 ube
811 1327 1042 1397 oculos
1070 1327 1347 1416 elidere,
1380 1327 1615 1400 itidem
1649 1341 1726 1398 ut
1756 1284 1963 1422 sepiis
1991 1327 2248 1398 faciunt
2282 1326 2505 1421 coqui.
2705 1345 2767 1386 ⁴⁵
2873 1353 2882 1358 ·

610 1459 806 1507 DAEM.
834 1437 1168 1532 Proripite
1192 1383 1536 1518 honiinem
1565 1437 1848 1533 pedibus
1878 1438 2048 1525 huc,
2085 1435 2316 1506 itidem
2342 1436 2533 1532 quasi
2568 1436 2764 1508 obei-

904 1572 1047 1617 sam
1088 1571 1294 1618 suem.

606 1679 869 1730 nucu.
902 1657 1155 1729 Audito
1200 1656 1568 1730 tumultum
1599 1684 1617 1728 ε
1660 1659 1904 1753 opinor
1939 1656 2092 1730 leno
2126 1659 2372 1752 pugnis
2403 1659 2720 1753 pectitur.

565 1817 569 1821 -
610 1769 831 1841 Nimis
867 1767 1064 1838 velim
1106 1769 1604 1863 inprobissumo
1628 1769 1888 1843 homini
1919 1767 2130 1839 malas
2156 1767 2634 1838 edentaverint.

609 1878 742 1948 Sed
776 1903 932 1948 ecce
958 1880 1121 1973 ipsae
1147 1879 1281 1962 huc
1304 1879 1748 1974 egrediuntur
1779 1878 2032 1951 timidae
2066 1903 2104 1948 e
2130 1878 2292 1954 fano
2325 1877 2658 1948 mulieres

1118 2165 1575 2254 SCENA
1671 2162 2237 2251 TERTIA.

813 2399 1339 2496 PALAES'TRA‚
1384 2412 1934 2499 AMPELISCA,
1987 2411 2546 2482 TRACHALIO.

603 2632 764 2680 Pu..
802 2611 1000 2680 Nunc
1026 2606 1107 2676 id
1143 2621 1275 2694 est,
1307 2631 1512 2701 quom
1550 2605 1855 2673 omnium
1892 2605 2239 2699 copiarum
2271 2619 2472 2700 atque
2508 2629 2752 2706 opum,

604 2717 873 2805 Auxiu,
924 2715 1191 2816 praesidi
1234 2716 1519 2786 viduitas
1559 2741 1681 2784 nos
1718 2729 1934 2799 tenet;

598 2832 745 2902 Nec
778 2828 915 2899 ulla
953 2827 1345 2924 specula’st,
1384 2851 1535 2921 quae
1570 2825 1849 2894 salutem
1883 2823 2184 2895 adferat:

598 2943 743 3012 Nec
780 2941 1024 3009 scimus
1059 2962 1263 3033 quam
1301 2939 1369 3005 in
1409 2951 1670 3031 partem
1707 2934 1968 3030 ingredi
1997 2959 2500 3030 persequamur.

596 3056 919 3122 Maxumo
956 3051 1215 3120 miserae
1250 3050 1316 3116 in
1350 3063 1539 3118 metu
1575 3072 1757 3116 nunc
1798 3071 2028 3116 sumus
2065 3037 2280 3115 ambae
2301 3099 2320 3133 ‚
2726 3071 2752 3110 ε

592 3166 808 3232 Tanta
846 3152 1331 3256 inportunitas,
1370 3173 1690 3253 tantaque
1723 3157 1970 3252 injuria

588 3276 791 3344 Facta
824 3273 897 3340 in
942 3294 1068 3340 nos
1102 3283 1202 3338 est
1237 3268 1441 3340 modo
1482 3267 1634 3338 heic
1670 3269 1851 3338 intus
1883 3267 1970 3336 ab
2005 3281 2238 3336 nostro
2269 3267 2470 3354 here,

672 3467 762 3526 4ο.
790 3460 1093 3522 Donabilem,
1120 3457 1465 3526 donandum,
1490 3459 1630 3511 mul·
1712 3477 1828 3512 ram
1907 3457 2188 3511 minaciter
2253 3455 2586 3528 obiurgantis
2645 3467 2747 3510 est.

588 3543 827 3596 tahilem.
853 3541 1042 3596 Lnu'.
1794 3537 1891 3604 45.
1910 3538 2086 3608 sepiis.
2105 3535 2248 3589 Vide
2277 3537 2455 3590 Casin.
2477 3537 2553 3602 Π,
2573 3537 2626 3602 8,
2645 3536 2741 3606 59.

668 3622 763 3687 43.
810 3623 860 3676 T
856 3621 1075 3686 urbalio',
1112 3617 1329 3690 Sparax.
1368 3618 1623 3672 Lorario-
1793 3624 1888 3689 47.
1913 3617 2103 3688 Pugnis
2119 3620 2346 3688 pectitur.
2374 3615 2608 3672 Locutio
2633 3629 2749 3682 est,

584 3719 710 3756 rum
759 3701 1017 3769 nomina3
1087 3713 1382 3768 utrumque
1432 3717 1618 3770 graecae
1708 3716 1811 3770 qua
1835 3697 2031 3770 gaudet
2052 3698 2290 3750 Plautus.
2311 3696 2394 3749 Cf.
2421 3697 2741 3750 Menoeehm'.

584 3783 775 3840 forniae
802 3799 816 3833 ε
844 3781 996 3851 prius
1022 3780 1123 3834 ἀπὸ
1146 3783 1235 3841 τῆς
1267 3777 1478 3849 ruffine,
1501 3799 1617 3850 τυρ·
1708 3778 1782 3844 V,
1813 3797 1867 3852 7,
1906 3780 2000 3832 28.

586 3861 767 3916 Εαλίων
788 3899 805 3922 ,
846 3861 1165 3913 tumultuator
1184 3879 1206 3922 ,·
1248 3859 1477 3917 alterum
1515 3859 1616 3913 ἀπὸ
1789 3857 1844 3910 3.
1876 3857 2094 3910 Salutem
2127 3857 2341 3924 adferat.
2379 3856 2431 3909 J.
2461 3855 2588 3910 Gal.
2623 3855 2733 3928 leg.

582 3946 671 4004 τῆς
700 3941 991 4012 σπαράξεως
1008 3979 1025 4006 ,
1059 3943 1317 3994 lacerator.
1347 3939 1571 3992 Cuma.
1705 3933 1924 3990 adserat.
1953 3939 2114 4008 Spes,
2144 3937 2356 4008 inquit,
2381 3937 2600 3988 salutem
2625 3955 2742 3988 non

663 4028 757 4086 44.
798 4023 979 4074 Iterum
1014 4021 1151 4072 haud
1185 4018 1432 4089 imper-abo.
1472 4019 1612 4072 Sunt
1703 4019 1891 4082 affert,
1919 4017 2012 4070 sed
2043 4017 2329 4088 promittit,
2367 4017 2547 4068 auimo
2582 4015 2746 4069 certis

574 4102 669 4172 qui
692 4113 901 4156 mutent
936 4101 1173 4155 «iterum
1203 4098 1349 4152 haud
1379 4098 1608 4170 impera--
1699 4098 1998 4152 rationibus
2019 4095 2262 4150 induct0.
2292 4095 2534 4150 Adserere
2557 4108 2738 4148 autem

570 4181 655 4234 bis
684 4207 707 4228 ι
727 4220 744 4246 ,
792 4179 897 4234 hoc
943 4179 1011 4233 ad
1056 4178 1489 4232 Trachalionem.
1534 4181 1606 4232 At
1707 4178 2024 4230 confirmare
2049 4189 2156 4242 est,
2180 4176 2380 4242 causis,
2409 4195 2506 4231 cur
2523 4177 2596 4230 ita
2616 4193 2738 4228 sen-

568 4259 707 4314 illud
742 4261 880 4313 bene
924 4260 1087 4312 habet
1104 4297 1121 4322 ‚
1169 4255 1434 4329 siquidem
1485 4277 1602 4312 mo·
1694 4258 1814 4325 tias,
1836 4257 2106 4328 expositis.
