3067 5017
930 440 1264 542 AoTth
1300 475 1403 558 v,
1460 475 1797 546 scENA
1846 477 1946 544 11.
2363 476 2513 573 437

360 594 539 683 Quoi
580 591 743 662 fides
782 589 1198 688 fidelitasque
1229 596 1521 666 amicum
1553 621 1712 690 erga
1743 598 2109 691 aequiparet
2141 623 2371 668 suum:

358 707 535 775 Nam
573 702 1109 772 exaedificavisset
1146 730 1251 772 me
1286 731 1365 774 ex
1402 706 1505 774 his
1544 705 1828 793 aedibus‚
1869 708 2119 800 absque
2164 722 2228 776 te
2271 709 2464 779 foret.

359 838 560 886 cus..
588 812 841 908 Siquid
859 813 1147 882 amicum
1181 840 1337 909 erga
1358 815 1669 884 benefeci
1687 831 1837 900 ‚aut
1855 815 2164 885 consului
2193 818 2510 897 fideliter,

360 928 517 996 Non
542 923 778 992 videor
808 924 1126 994 meruisse
1158 924 1455 1014 laudem,
1487 925 1686 1019 culpa
1718 928 2008 997 caruisse
2042 929 2357 999 arbitror.
2485 953 2510 992 ⁵

360 1037 534 1106 Nam
566 1032 1274 1119 beneficium‚homini
1300 1037 1652 1131 proprium
1682 1036 1866 1131 quod
1900 1036 2120 1126 datur,
2155 1041 2506 1135 proprium
2553 1109 2556 1114 .

655 1159 966 1212 sumserit
995 1170 1011 1213 :

361 1249 570 1339 Quod
612 1251 1333 1343 datum-utendum’st,
1364 1254 1431 1324 id
1464 1255 1820 1351 repetundi
1856 1258 2050 1350 copia
2072 1255 2153 1326 ’st
2176 1310 2195 1343 ,
2233 1260 2506 1352 quando

654 1361 837 1430 velis,

447 1538 498 1571 2.
524 1515 747 1570 Amicum
767 1535 905 1586 erga.
932 1509 1293 1588 Anastrophe.
1313 1547 1395 1560 -—

362 1599 697 1670 AEqm'paree,
735 1595 1094 1662 intransitive,
1132 1615 1280 1669 aqua
1307 1598 1391 1651 sit.

364 1677 454 1732 Cf.
474 1675 678 1746 Amph.
696 1674 745 1738 I,
772 1675 827 1739 3,
858 1673 947 1730 52.
968 1677 1036 1730 N.

448 1756 500 1808 3.
534 1753 971 1824 Exoedficavisset.
1012 1755 1267 1826 Ejecisset
1304 1776 1392 1810 me

364 1835 507 1890 filius
546 1834 780 1898 aedibus,
820 1834 869 1888 si
906 1835 1105 1906 absque
1150 1849 1203 1888 te
1233 1837 1387 1890 foret.

364 1916 584 1969 Dictum
626 1912 930 1984 exoedfficare
966 1934 1033 1968 ex
1069 1916 1251 1968 oeda‘bus
1264 1956 1279 1978 ,
1328 1929 1393 1970 ut

362 2007 668 2067 expectorat-e
738 2014 799 2046 ex
856 1998 1017 2047 animo
1041 2034 1057 2059 ,
1110 1997 1387 2064 οἰνοχοεύειν

362 2070 502 2130 οἶνον.
532 2077 714 2128 Luna.

447 2161 501 2219 4.
526 2156 726 2226 Absque
756 2165 819 2205 te.
845 2153 1037 2206 Bacch.
1066 2154 1173 2218 111,
1203 2154 1233 2205 3
1252 2194 1266 2219 ,
1293 2156 1343 2208 8.

448 2239 500 2290 6.
515 2237 793 2304 Proprium,
818 2231 875 2286 id
899 2246 1012 2298 est,
1032 2245 1389 2304 perpetuum.;

366 2333 466 2368 nec
506 2315 657 2367 timet
694 2326 754 2366 ut
788 2313 856 2365 ab
898 2331 954 2365 se
989 2326 1277 2384 repetatur.
1304 2315 1386 2366 Ita

365 2395 580 2448 Lucret.
614 2394 712 2446 lib.
754 2393 859 2458 IV,
905 2413 1107 2445 amorem
1140 2396 1387 2464 proprium

362 2493 467 2545 pro
511 2473 688 2528 stabili
726 2483 778 2526 et
816 2486 1075 2544 perpetuo
1120 2471 1273 2526 dixit.
1321 2475 1390 2529 Et

365 2554 559 2624 virgil.
589 2557 712 2606 AEn.
737 2553 765 2603 1
796 2552 864 2606 de
893 2571 1057 2605 uxore
1088 2566 1345 2624 perpetua
1371 2572 1385 2607 ε

370 2661 395 2683 «ι
427 2633 880 2706 ...propriamque
912 2631 1103 2686 dicabo
1130 2658 1180 2686 ι.
1216 2633 1390 2686 Idem-

367 2733 472 2786 que
547 2711 615 2765 de
684 2712 959 2765 stabilibus
1029 2713 1345 2766 muneribus
1371 2734 1384 2765 ε

374 2819 399 2842 ι
489 2791 707 2865 propria
728 2792 845 2844 haec
871 2791 917 2844 si
940 2789 1083 2844 doun
1102 2792 1323 2844 fuissent
1338 2819 1390 2846 a.

368 2874 589 2926 Horou.
619 2873 1067 2942 —Prosumpserit
1104 2872 1301 2942 legitur
1335 2873 1391 2925 in

366 2953 527 3006 MSS.
550 2953 798 3004 Latinum
827 2970 934 3003 nou
964 2964 1061 3004 est.
1084 2952 1199 3021 Ego
1221 2951 1397 3022 iegen·

370 3031 497 3085 dum
523 3033 721 3102 opinor
743 3048 757 3084 :
782 3050 1003 3100 pror-mm
1019 3036 1168 3101 perit.
1192 3032 1393 3084 Distin-

368 3112 485 3184 guit
524 3114 663 3164 inter
694 3109 863 3163 duum
904 3130 1159 3180 generum
1189 3111 1391 3164 benefi-

372 3193 470 3245 cia.
500 3189 785 3256 Quaedam,
811 3191 1005 3260 inquit,
1024 3191 1242 3262 propria
1261 3191 1393 3243 sacta

371 3271 709 3342 accipientis,
757 3270 917 3341 plane
958 3283 1182 3338 pereunt
1216 3269 1393 3335 danti;

372 3350 616 3422 quiedam
650 3348 881 3402 ‘utenda
908 3347 1050 3402 =dnta
1118 3349 1395 3420 repetendi

371 3432 523 3502 copia
552 3443 604 3482 et
627 3441 855 3498 potestas
881 3427 1028 3481 danti
1051 3441 1157 3494 est,
1178 3427 1395 3500 quando

372 3510 529 3562 velit:
560 3509 690 3561 scita
713 3509 871 3578 plane
892 3521 944 3562 et
967 3509 1172 3578 egregia
1194 3522 1398 3561 senten-

372 3590 460 3643 tia.
475 3591 747 3642 Boxu.---
762 3590 875 3658 Ego
898 3607 1026 3641 vero
1054 3587 1276 3640 omnino
1296 3589 1397 3640 im-

372 3671 547 3741 probo
562 3669 701 3721 hanc
714 3670 852 3738 conj.
871 3669 919 3720 N
922 3687 1005 3721 um
1021 3667 1142 3739 quis
1150 3685 1307 3720 sanus
1320 3666 1400 3720 di-

372 3749 477 3812 xit,
503 3749 767 3801 beneficio
787 3746 930 3818 quod
954 3746 1133 3811 datur,
1153 3766 1397 3818 prorsum

374 3827 589 3899 perire?
636 3829 717 3880 Ne
759 3826 977 3898 quidem‘
1024 3845 1253 3897 semper,
1300 3827 1401 3879 etsi

376 3908 433 3960 iu
456 3909 723 3977 ingratum
743 3906 995 3960 ceciderit
1008 3945 1023 3972 ‚
1052 3918 1112 3958 ut
1131 3907 1321 3960 Cicero
1343 3907 1399 3959 in

376 3987 527 4040 libris
566 3985 635 4040 de
675 3986 881 4038 officiis
926 3999 979 4039 et
1021 3987 1217 4039 Seneca
1257 3999 1403 4039 recte

380 4065 674 4137 disputant.
707 4091 729 4114 ο
750 4066 897 4118 Malo
931 4067 974 4118 si
1024 4064 1159 4136 quid
1189 4067 1402 4118 benefa-

382 4146 511 4211 cias,
534 4144 591 4198 id
613 4145 935 4200 beneficium
955 4146 1137 4200 interit
1156 4171 1177 4190 ι
1188 4185 1205 4212 ,
1226 4145 1405 4215 inquit

378 4239 559 4279 noster
582 4226 788 4279 Ponul.
808 4227 892 4279 111
910 4260 925 4288 ‚
958 4227 1007 4280 3.
1034 4225 1157 4278 Non
1186 4243 1332 4295 ergo,
1359 4226 1403 4278 si

1477 1518 1642 1570 bono.
1668 1519 1848 1570 Potest
1881 1529 2057 1570 autem
2095 1516 2380 1590 quisquam
2414 1539 2504 1574 ex-

1475 1597 1679 1668 plicare
1705 1597 1794 1650 ina
1830 1596 1940 1650 duo
1980 1616 2172 1668 genera
2211 1598 2501 1653 beneficio·

1476 1695 1868 1748 rum,quorum
1899 1679 2122 1730 alterum
2149 1677 2214 1730 fit
2239 1678 2502 1748 accipien-

1476 1757 1575 1820 tis,
1610 1758 1834 1810 aiterum
1865 1755 2125 1810 utendum
2157 1756 2352 1810 datur?
2384 1759 2502 1810 Imo

1478 1837 1741 1906 posterior
1764 1855 1944 1890 versus
1967 1835 2036 1890 de
2059 1837 2211 1890 nullo
2235 1837 2501 1908 significat

1474 1915 1752 1970 beneficio.
1776 1912 2262 1970 Prosumere'uutem
2284 1917 2380 1987 qui
2408 1936 2503 1970 ne·

1472 2010 1560 2066 gat
1587 1996 1810 2050 latinum
1837 2015 1978 2060 esse,
2008 2010 2164 2067 neget
2190 1997 2350 2048 etiam
2379 2017 2500 2066 pro-

1470 2076 1656 2144 subigit
1691 2095 1804 2129 esse
1830 2076 2081 2139 latinum,
2111 2076 2239 2146 quia
2273 2073 2330 2129 id
2360 2095 2500 2130 unus

1470 2155 1631 2208 habet
1650 2156 1916 2226 Virgiiius
1931 2195 1946 2220 ‚
1967 2167 2056 2208 aut
2069 2156 2345 2225 praelassat‚
2366 2156 2495 2226 quia

1472 2253 1613 2288 unus
1635 2234 1880 2288 Ovidius.
1914 2237 2034 2286 Imo
2065 2247 2143 2286 est
2175 2233 2318 2287 idem
2348 2233 2496 2306 quod.

1471 2314 1761 2379 insumere,
1780 2332 2008 2379 sumere,
2022 2314 2354 2385 impendere,
2378 2333 2499 2366 ero·

1472 2412 1616 2465 gare.
1673 2419 1696 2442 ι
1717 2393 2046 2446 Beneficium
2089 2391 2235 2464 quod
2286 2394 2494 2446 homini

1471 2473 1752 2544 proprium
1783 2471 1939 2525 datur
1957 2499 1978 2518 υ
2000 2511 2016 2536 ,
2043 2486 2098 2526 ut
2125 2473 2180 2524 in
2205 2491 2270 2525 eo
2296 2492 2408 2526 non
2429 2475 2498 2526 sit

1474 2564 1704 2625 potestas
1743 2563 1923 2622 postea
1965 2548 2028 2603 ei»
2044 2551 2137 2623 qui
2163 2550 2336 2612 dedit,
2375 2573 2496 2621 pro·

1472 2636 1755 2702 sumpserit,
1797 2631 2069 2697 alienarit,
2110 2631 2501 2701 transcripserit

1472 2714 1649 2766 forsan
1675 2713 1720 2764 is
1741 2713 1831 2782 qui
1854 2708 2030 2775 dedit,
2057 2722 2116 2763 ut
2140 2723 2387 2780 repetere
2406 2729 2499 2763 ne-

1474 2805 1666 2864 queat:
1699 2804 1750 2842 αι
1785 2791 1918 2862 quod
1942 2809 2054 2842 non
2085 2803 2163 2842 est
2189 2788 2372 2842 datum
2401 2791 2496 2843 be-

1474 2872 1700 2936 neficio,
1749 2870 1843 2923 sed
1897 2868 2270 2940 tantummodo
2332 2869 2500 2922 datum

1479 2951 1704 3004 utendum
1730 2962 1834 3010 est,
1880 2963 1938 3003 ut
1966 2963 2023 3003 tu
2048 2949 2180 3006 mihi
2212 2967 2326 3002 rem
2352 2961 2499 3002 tuam

1476 3029 1770 3094 credidisti,
1797 3055 1818 3077 ι
1841 3029 1897 3082 id
1920 3028 2206 3100 repetundi
2225 3028 2381 3099 copia
2401 3040 2500 3093 est,

1480 3109 1696 3182 quando
1719 3110 1851 3163 velis
1880 3135 1901 3157 n
1941 3128 1954 3160 ε
1989 3121 2050 3161 ut
2084 3127 2228 3161 nunc
2264 3109 2383 3162 tihi.
2416 3107 2512 3167 Ad

1478 3191 1682 3242 Liviam
1719 3208 1733 3242 :
1778 3189 1936 3242 «vita
1981 3187 2220 3244 dataest
2263 3187 2500 3242 utenda:

1480 3268 1603 3322 data
1649 3283 1729 3322 est
1772 3269 1887 3321 sine
1931 3267 2133 3320 foenore
2175 3268 2333 3320 nobis
2381 3269 2504 3320 Mu·

1480 3362 1568 3402 tua
1584 3375 1626 3403 ι».
1653 3345 2142 3403 Gnou.-—Arridet
2164 3364 2274 3417 prae
2303 3345 2508 3404 catoris

1479 3429 1848 3482 Camerariana
1875 3427 2037 3479 lectio
2054 3430 2302 3498 proprium
2329 3446 2506 3478 sumse-

1482 3513 1579 3573 rit,
1615 3507 1653 3560 i.
1680 3528 1726 3560 e.
1753 3507 1826 3560 ita
1857 3519 1915 3558 ut
1947 3524 2222 3578 nunquam
2249 3506 2523 3566 restituat„

1480 3589 1554 3640 Et
1590 3589 1660 3641 ita
1702 3605 1916 3639 omnem
1948 3585 2270 3656 interpretor
2295 3596 2514 3638 senten-

1482 3669 1611 3721 tium
1639 3686 1652 3720 ε
1687 3671 1808 3720 Non
1850 3666 2024 3718 merui
2058 3663 2302 3730 laudem,
2342 3665 2508 3735 siqui-

1484 3747 1610 3800 dem
1663 3744 2014 3818 quadraginta
2066 3745 2264 3810 minas,
2307 3745 2510 3814 quibus

1484 3825 1622 3879 aedes
1653 3827 1958 3880 simularem
2006 3824 2138 3876 mihi
2173 3836 2368 3888 emtus,
2399 3843 2510 3876 non

1486 3905 1612 3960 dedi
1629 3905 1876 3977 proprias
1901 3904 2028 3967 tibi,
2046 3902 2149 3956 sed.
2166 3915 2354 3956 mutuo
2377 3901 2516 3957 locas·

1486 3988 1538 4037 vi
1562 4005 1576 4050 3
1608 3999 1660 4038 et
1684 3982 1962 4056 repetendi
1991 3981 2209 4055 quando
2231 3983 2394 4036 velim
2423 4001 2514 4037 co-

1489 4066 1581 4136 pia
1621 4077 1715 4118 est.
1763 4065 1820 4118 Si
1861 4061 1993 4134 quid
2034 4061 2318 4134 proprium
2357 4060 2515 4117 datur

1490 4142 1698 4197 homini
1719 4183 1734 4209 ,
1772 4143 1879 4195 hoc
1926 4141 2142 4197 demum
2195 4142 2514 4197 beneficium

1492 4243 1618 4278 vere
1649 4222 1823 4296 datur.
1851 4222 1914 4275 N.
