3067 5017
639 430 781 524 274
1463 414 1899 486 RUDENS
1934 465 1955 498 ‚

636 574 829 624 nAEu.
887 549 1062 617 Cave
1111 540 1352 629 malo,
1384 563 1464 609 ae
1502 543 1651 608 tace
1702 552 1777 606 tu
1813 563 1829 606 :
1884 551 1961 604 tu
2004 558 2207 629 perge
2232 587 2251 620 ‚
2305 546 2393 613 ,ut
2435 531 2793 626 obcoepisti

683 663 690 674 '
929 656 1172 726 dicere.
2732 659 2788 704 ⁴⁵

637 793 903 843 tumn.
939 787 1014 841 (κι
1041 781 1306 838 Damonem.)
1340 764 1577 831 Unum
1608 773 1675 827 te
1711 759 2026 845 obsecro,
2064 769 2142 822 ut
2179 769 2244 823 te
2275 754 2478 847 hujus
2526 751 2797 821 comni-

933 887 1219 945 serescat
1252 869 1592 952 mulieris3

643 987 984 1084 Siquidem
1023 985 1132 1052 hic
1169 980 1427 1050 lenonis
1459 979 1603 1072 ejus
1650 991 1752 1045 est
1783 973 2089 1060 vidulu5‚
2121 998 2323 1066 quem
2360 971 2733 1066 subspicor.

636 1102 802 1171 Heic
837 1099 964 1166 nisi
1000 1094 1084 1163 de
1124 1092 1445 1186 opinione
1483 1102 1745 1157 eertum
1783 1083 1954 1153 nihil
1995 1082 2144 1151 dico
2189 1082 2335 1150 tibi.

643 1235 834 1283 eun».
871 1202 1115 1276 Viden'
1149 1201 1462 1272 scelestus
1504 1211 1583 1265 ut
1608 1190 2023 1290 aucupatur!
2054 1216 2322 1263 TRAcH.
2350 1191 2511 1260 Sine
2542 1214 2686 1277 me,
2719 1193 2802 1256 ut

934 1314 1238 1408 obeoepi‚
1281 1309 1494 1403 loqui.

640 1433 712 1504 Si
755 1427 1013 1500 scelesti
1052 1423 1230 1494 illius
1266 1435 1367 1489 est
1409 1418 1561 1499 hic,
1606 1415 1851 1510 quojus
1890 1413 2079 1499 dico,
2115 1409 2427 1496 vidulus,
2746 1430 2799 1470 ⁵0

639 1547 760 1612 Hae
811 1550 1140 1638 poterunt
1189 1531 1536 1626 gnovisse3
1591 1524 1943 1595 ostendere
1986 1523 2091 1591 his
2134 1521 2319 1616 jube.
2394 1543 2585 1589 GmP.
2648 1515 2805 1587 Ain’

935 1644 1288 1717 ostendere
1313 1641 1343 1709 Ρ

637 1757 1052 1836 DAEM.Haud
1075 1756 1378 1847 iniquom
1411 1749 1612 1836 dicit,
1648 1747 1857 1841 Gripe
1878 1800 1897 1832 ‚
1941 1758 2015 1812 ut
2043 1740 2439 1812 ostendatur
2467 1729 2757 1808 vidulus.

645 1897 836 1944 mur.
901 1873 1090 1952 Im0‚
1151 1861 1380 1933 hercle
1403 1915 1420 1948 ‚
1483 1859 1802 1952 insignite
1870 1855 2118 1948 inique.
2183 1875 2373 1922 DAEM.
2444 1848 2800 1940 Quidum?

945 2001 1141 2047 emp.
1186 1973 1368 2062 Quia
1416 1971 1470 2038 si
1515 1966 1921 2049 ostendero,

649 2090 992 2163 Continuo
1032 2086 1217 2154 hunc
1253 2079 1561 2176 gnovisse
1594 2077 1821 2146 dicent
1848 2073 2115 2144 scilicet.
2148 2095 2411 2142 TRAGH.
2451 2069 2801 2139 Scelerum

945 2206 1148 2288 caput
1179 2246 1199 2280 ν
1689 2261 1694 2267 .

651 2314 751 2382 Ut
782 2323 926 2378 tute
958 2331 1059 2392 eS,
1094 2305 1250 2372 item
1284 2300 1540 2369 omneis
1573 2321 1800 2366 censes
1834 2293 2015 2364 esse?
2050 2292 2301 2388 perjuri
2326 2288 2577 2386 caput!
2754 2309 2803 2350 ⁵⁵

653 2446 845 2493 emp,
885 2416 1132 2490 Omnia
1164 2415 1343 2489 istaec
1382 2435 1509 2505 ego
1542 2406 1733 2476 facile
1770 2407 2014 2501 patior,
2058 2404 2219 2472 dum
2268 2402 2381 2470 hic
2424 2403 2583 2470 hinc
2621 2424 2660 2468 a
2698 2424 2807 2467 me

951 2539 1216 2597 sentlat.

656 2669 743 2714 ΤΒ
753 2664 917 2713 Aca.
938 2637 1338 2732 Atquinunc
1356 2631 1474 2700 abs
1495 2645 1561 2699 te
1583 2643 1745 2716 stat3
1762 2651 1997 2696 verum
2015 2623 2314 2693 hincibit
2328 2623 2805 2692 testimonium.

1785 2803 2009 2857 omnino
2048 2820 2263 2856 versum
2292 2802 2365 2854 ita
2402 2800 2611 2854 restitui
2644 2817 2811 2872 opor-

1784 2897 1898 2938 tere
1938 2904 1951 2935 ε
2002 2909 2025 2930 α
2054 2885 2124 2935 At
2151 2883 2197 2936 si
2222 2899 2367 2935 nunc
2394 2881 2485 2934 aba
2516 2893 2569 2934 te
2594 2893 2697 2932 stat
2722 2898 2817 2932 ve-

1783 2984 1927 3024 rum,
1952 2963 2080 3016 hinc
2095 2963 2196 3016 erit
2216 2961 2578 3015 testimonium
2600 2987 2647 3013 ι.
2665 2962 2816 3012 Duo-

747 2826 839 2888 48.
873 2819 1000 2872 Heio
1029 2815 1180 2879 nihil,
1236 2823 1339 2865 etc.
1379 2808 1532 2863 Nihil
1568 2805 1693 2860 dico

664 2903 770 2959 nisi
820 2911 962 2954 certa
1013 2895 1302 2968 opinione,
1349 2887 1498 2962 quod
1548 2899 1694 2952 certo

667 2984 847 3039 sciam.
872 2979 942 3032 N.

756 3062 848 3116 56.
869 3058 1022 3110 Hine.
1048 3052 1224 3108 scilic.
1247 3069 1313 3103 ex
1333 3047 1519 3102 vidulo
1545 3046 1695 3100 testi-

673 3141 917 3197 monium
941 3132 1277 3190 sumendum.
1305 3161 1387 3174 -—
1414 3127 1549 3178 Hinc
1573 3145 1605 3176 a
1626 3145 1698 3177 me

672 3224 867 3276 sentiat.
890 3213 1211 3272 Sententiam
1234 3229 1337 3281 pro
1355 3225 1442 3259 me
1467 3207 1699 3258 ferat.—

675 3304 730 3358 A
771 3321 870 3358 me,
916 3309 1021 3361 est,
1047 3312 1149 3365 pro
1177 3309 1293 3356 me,
1335 3299 1389 3340 et
1418 3287 1547 3351 hinc,
1573 3287 1608 3337 i.
1643 3304 1697 3356 q.

671 3403 766 3455 pro
795 3401 888 3444 me,
915 3372 1177 3430 abundat.

760 3460 855 3531 57.
886 3457 994 3511 Abs
1018 3466 1096 3516 ee,
1137 3463 1236 3507 est,
1278 3458 1461 3500 contra
1489 3458 1561 3497 te.
1590 3443 1702 3507 Qui

679 3561 806 3596 usus
832 3555 955 3592 sane
979 3531 1252 3607 particula
1275 3527 1338 3579 αὖ
1359 3537 1413 3577 et
1429 3523 1515 3576 abs
1540 3542 1704 3576 venu-

675 3636 790 3678 stus
817 3638 876 3672 ac
913 3617 1194 3687 frequens,
1233 3605 1326 3660 sed
1357 3623 1468 3657 non
1501 3603 1703 3674 ubique

680 3701 981 3756 intellectus
1012 3713 1026 3746 ε
1057 3705 1115 3745 ut
1149 3687 1305 3742 Trin.
1346 3685 1436 3748 11,
1476 3700 1500 3736 π
1532 3701 1546 3734 :
1590 3707 1613 3729 ι
1640 3681 1707 3734 ab

680 3801 742 3836 re
764 3776 993 3842 consulit
1013 3800 1062 3825 ι.
1090 3769 1197 3824 Ubi
1221 3763 1474 3820 Lambini
1496 3773 1711 3814 contra-

674 3861 813 3915 riam
837 3850 1325 3925 interpretationem
1349 3843 1543 3896 merito
1567 3842 1713 3893 Dou-

677 3959 738 3994 ιι
789 3933 1044 4009 explodit.
1092 3933 1327 3982 Acmn..
1373 3952 1456 3964 -
1499 3921 1609 3974 Abs
1666 3931 1713 3972 to

679 4032 810 4083 stan
862 4033 1028 4068 verum
1080 4012 1191 4062 hine
1235 4007 1324 4058 ibit
1369 4005 1699 4055 testimonium.

681 4101 768 4154 sie
809 4100 1023 4158 Douza,
1056 4091 1138 4142 vel
1179 4086 1335 4139 dabit.
1362 4082 1546 4152 Vulgo
1594 4082 1698 4132 tibi.

678 4175 978 4239 Acidalius,
1005 4171 1116 4223 cibi.
1152 4165 1286 4220 MSS
1304 4206 1320 4230 ,
1355 4165 1440 4216 ibi.
1466 4159 1699 4214 Videtur

1784 3043 1958 3097 decim
1988 3043 2177 3095 tabulae
2205 3039 2348 3111 apud
2370 3040 2582 3092 Festum
2606 3041 2664 3092 in
2686 3040 2817 3096 Pon

1784 3137 1930 3176 tum:
1950 3149 1972 3171 ι
1992 3122 2091 3175 Cui
2117 3121 2484 3175 testimonium
2508 3119 2741 3172 defuerit
2758 3143 2807 3170 ι.
2896 3191 2901 3196 ⁸

1788 3204 2041 3256 Gnonov.
2094 3233 2176 3245 -——
2228 3200 2447 3254 Daceria
2498 3200 2816 3276 sententiam

1754 3280 2014 3335 ·Aeidalii
2054 3281 2287 3352 recepit,
2330 3299 2488 3352 quam
2528 3293 2707 3332 tamen
2752 3290 2818 3330 ut

1788 3362 2017 3432 probem
2058 3381 2195 3432 aegre
2242 3359 2495 3423 inducar,
2550 3357 2817 3430 siquidem

1788 3461 1821 3492 a
1856 3461 1929 3493 me
1964 3454 2099 3494 esset
2132 3443 2169 3495 i.
2206 3459 2259 3512 q.
2282 3459 2377 3510 pro
2407 3459 2508 3503 me,
2544 3452 2595 3492 et
2636 3438 2724 3490 abs
2772 3450 2817 3490 te

1791 3521 1829 3574 i.
1861 3539 1916 3592 q.
1947 3533 2115 3573 contra
2150 3531 2209 3573 te.
2262 3521 2382 3573 Non
2416 3519 2657 3590 intelligo
2683 3516 2819 3591 quid

1792 3600 1935 3653 inter
1986 3619 2043 3653 se
2092 3613 2299 3653 tantum
2352 3597 2605 3652 differant
2650 3599 2715 3651 ab
2765 3610 2821 3651 et

1795 3681 1899 3732 abs.
1961 3678 2065 3732 Sed
2109 3698 2276 3733 unum
2320 3692 2372 3731 et
2425 3677 2569 3731 idem
2596 3677 2819 3749 -signifi-

1796 3777 1918 3812 care
1961 3761 2121 3812 ambo
2165 3757 2413 3822 credam,
2454 3756 2626 3810 donec
2662 3776 2822 3826 argu·

1799 3840 1993 3892 mentis
2026 3857 2204 3892 errare
2237 3857 2324 3890 me
2358 3837 2551 3909 aliquis
2578 3838 2821 3890 evicerit.

1800 3919 2032 3972 Versum
2075 3918 2147 3971 ita
2181 3919 2577 3988 interpretabor
2612 3936 2625 3967 ε
2674 3939 2695 3960 α
2716 3917 2822 3969 uti-

1801 4017 1939 4070 que,
1972 3998 2159 4062 fateor,
2194 3997 2285 4049 hic
2316 3996 2481 4067 judex
2522 4015 2552 4048 a
2593 4009 2644 4048 te
2686 4008 2821 4061 stat,

1791 4097 1977 4133 verum
2018 4077 2147 4130 hinc
2185 4072 2275 4140 (ex
2315 4075 2423 4140 me)
2460 4077 2636 4129 veniet
2680 4077 2823 4128 testi-

1792 4158 2032 4210 monium
2054 4194 2069 4220 ‚
2097 4154 2245 4227 quod
2275 4169 2327 4207 te
2358 4155 2577 4209 damnet
2603 4181 2650 4208 ι.
2679 4156 2819 4207 Hinc
