<?xml version="1.0" encoding="UTF-8"?>
<!DOCTYPE html PUBLIC "-//W3C//DTD XHTML 1.0 Transitional//EN"
    "http://www.w3.org/TR/xhtml1/DTD/xhtml1-transitional.dtd">
<html xmlns="http://www.w3.org/1999/xhtml" xml:lang="en" lang="en">
 <head>
  <title>
</title>
<meta http-equiv="Content-Type" content="text/html;charset=utf-8" />
  <meta name='ocr-system' content='tesseract 3.04.00' />
  <meta name='ocr-capabilities' content='ocr_page ocr_carea ocr_par ocr_line ocrx_word'/>
</head>
<body>
  <div class='ocr_page' id='page_1' title='image "./macciiplauticom00naudgoog_0365.png"; bbox 0 0 3067 5017; ppageno 0'>
   <div class='ocr_carea' id='block_1_1' title="bbox 971 329 2019 418">
    <p class='ocr_par' dir='ltr' id='par_1_1' title="bbox 971 329 2019 418">
     <span class='ocr_line' id='line_1_1' title="bbox 971 329 2019 418; baseline -0.002 -16"><span class='ocrx_word' id='word_1_1' title='bbox 971 333 1308 402; x_wconf 92' lang='lat' dir='ltr'><strong>ACTUS</strong></span> <span class='ocrx_word' id='word_1_2' title='bbox 1357 333 1450 418; x_wconf 79' lang='lat' dir='ltr'><strong>V,</strong></span> <span class='ocrx_word' id='word_1_3' title='bbox 1499 329 1835 402; x_wconf 87' lang='lat' dir='ltr'>SCENA</span> <span class='ocrx_word' id='word_1_4' title='bbox 1886 335 2019 402; x_wconf 84' lang='lat' dir='ltr'><strong>IV.</strong></span> 
     </span>
    </p>
   </div>
   <div class='ocr_carea' id='block_1_2' title="bbox 2428 337 2569 410">
    <p class='ocr_par' dir='ltr' id='par_1_2' title="bbox 2428 337 2569 410">
     <span class='ocr_line' id='line_1_2' title="bbox 2428 337 2569 410; baseline -0.007 0"><span class='ocrx_word' id='word_1_5' title='bbox 2428 337 2569 410; x_wconf 77' lang='lat'><strong>355</strong></span> 
     </span>
    </p>
   </div>
   <div class='ocr_carea' id='block_1_3' title="bbox 417 452 2566 548">
    <p class='ocr_par' dir='ltr' id='par_1_3' title="bbox 417 452 2566 548">
     <span class='ocr_line' id='line_1_3' title="bbox 417 452 2566 548; baseline 0.002 -20"><span class='ocrx_word' id='word_1_6' title='bbox 417 459 628 544; x_wconf 85' lang='lat' dir='ltr'><strong>Bibe,</strong></span> <span class='ocrx_word' id='word_1_7' title='bbox 665 453 952 542; x_wconf 80' lang='lat' dir='ltr'><strong>tibicen3</strong></span> <span class='ocrx_word' id='word_1_8' title='bbox 991 477 1146 547; x_wconf 82' lang='lat' dir='ltr'><strong>age,</strong></span> <span class='ocrx_word' id='word_1_9' title='bbox 1177 453 1233 520; x_wconf 79' lang='lat' dir='ltr'><strong>si</strong></span> <span class='ocrx_word' id='word_1_10' title='bbox 1270 452 1438 548; x_wconf 88' lang='lat' dir='ltr'><strong>quid</strong></span> <span class='ocrx_word' id='word_1_11' title='bbox 1473 453 1655 548; x_wconf 83' lang='lat' dir='ltr'><strong>agis·</strong></span> <span class='ocrx_word' id='word_1_12' title='bbox 1698 453 2105 542; x_wconf 84' lang='lat' dir='ltr'><strong>bibendum,</strong></span> <span class='ocrx_word' id='word_1_13' title='bbox 2140 457 2405 548; x_wconf 79' lang='lat' dir='ltr'><strong>hercle,</strong></span> <span class='ocrx_word' id='word_1_14' title='bbox 2436 461 2566 532; x_wconf 86' lang='lat' dir='ltr'><strong>hoc</strong></span> 
     </span>
    </p>
   </div>
   <div class='ocr_carea' id='block_1_4' title="bbox 710 580 1202 660">
    <p class='ocr_par' dir='ltr' id='par_1_4' title="bbox 710 580 1202 660">
     <span class='ocr_line' id='line_1_4' title="bbox 710 580 1202 660; baseline -0.009 -25"><span class='ocrx_word' id='word_1_15' title='bbox 710 580 846 650; x_wconf 86' lang='lat' dir='ltr'><strong>est,</strong></span> <span class='ocrx_word' id='word_1_16' title='bbox 881 588 968 632; x_wconf 88' lang='lat' dir='ltr'><strong>ne</strong></span> <span class='ocrx_word' id='word_1_17' title='bbox 1011 587 1202 660; x_wconf 82' lang='lat' dir='ltr'><strong>nega.</strong></span> 
     </span>
    </p>
   </div>
   <div class='ocr_carea' id='block_1_5' title="bbox 341 649 2565 775">
    <p class='ocr_par' dir='ltr' id='par_1_5' title="bbox 341 649 2565 775">
     <span class='ocr_line' id='line_1_5' title="bbox 341 649 2565 775; baseline 0.004 -31.279"><span class='ocrx_word' id='word_1_18' title='bbox 341 649 606 768; x_wconf 89' lang='lat' dir='ltr'>Quid</span> <span class='ocrx_word' id='word_1_19' title='bbox 633 676 782 744; x_wconf 87' lang='lat' dir='ltr'><strong>heic</strong></span> <span class='ocrx_word' id='word_1_20' title='bbox 823 673 1134 743; x_wconf 76' lang='lat' dir='ltr'><strong>fastidis?</strong></span> <span class='ocrx_word' id='word_1_21' title='bbox 1163 672 1348 767; x_wconf 87' lang='lat' dir='ltr'><strong>quod</strong></span> <span class='ocrx_word' id='word_1_22' title='bbox 1383 671 1771 744; x_wconf 75' lang='lat' dir='ltr'><strong>faciendum</strong></span> <span class='ocrx_word' id='word_1_23' title='bbox 1809 673 1997 744; x_wconf 81' lang='lat' dir='ltr'><strong>vides</strong></span> <span class='ocrx_word' id='word_1_24' title='bbox 2032 701 2179 746; x_wconf 79' lang='lat' dir='ltr'><strong>esse</strong></span> <span class='ocrx_word' id='word_1_25' title='bbox 2208 678 2329 748; x_wconf 87' lang='lat' dir='ltr'><strong>tibi</strong></span> <span class='ocrx_word' id='word_1_26' title='bbox 2346 682 2565 775; x_wconf 84' lang='lat' dir='ltr'><strong>‚quin</strong></span> 
     </span>
    </p>
   </div>
   <div class='ocr_carea' id='block_1_6' title="bbox 710 784 938 853">
    <p class='ocr_par' dir='ltr' id='par_1_6' title="bbox 710 784 938 853">
     <span class='ocr_line' id='line_1_6' title="bbox 710 784 938 853; baseline 0.006 -1"><span class='ocrx_word' id='word_1_27' title='bbox 710 784 938 853; x_wconf 82' lang='lat' dir='ltr'>bibis?</span> 
     </span>
    </p>
   </div>
   <div class='ocr_carea' id='block_1_7' title="bbox 416 891 1473 992">
    <p class='ocr_par' dir='ltr' id='par_1_7' title="bbox 416 891 1473 992">
     <span class='ocr_line' id='line_1_7' title="bbox 416 891 1473 992; baseline -0.008 -24"><span class='ocrx_word' id='word_1_28' title='bbox 416 902 598 992; x_wconf 87' lang='lat' dir='ltr'>Age,</span> <span class='ocrx_word' id='word_1_29' title='bbox 641 897 699 965; x_wconf 90' lang='lat' dir='ltr'><strong>si</strong></span> <span class='ocrx_word' id='word_1_30' title='bbox 741 895 904 989; x_wconf 91' lang='lat' dir='ltr'><strong>quid</strong></span> <span class='ocrx_word' id='word_1_31' title='bbox 951 894 1093 988; x_wconf 83' lang='lat' dir='ltr'><strong>agis</strong></span> <span class='ocrx_word' id='word_1_32' title='bbox 1135 919 1153 961; x_wconf 84' lang='lat'>:</span> <span class='ocrx_word' id='word_1_33' title='bbox 1207 891 1473 988; x_wconf 86' lang='lat' dir='ltr'><strong>adcipe,</strong></span> 
     </span>
    </p>
   </div>
   <div class='ocr_carea' id='block_1_8' title="bbox 654 997 1082 1099">
    <p class='ocr_par' dir='ltr' id='par_1_8' title="bbox 654 997 1082 1099">
     <span class='ocr_line' id='line_1_8' title="bbox 654 997 1082 1099; baseline -0.005 -25"><span class='ocrx_word' id='word_1_34' title='bbox 654 1059 659 1064; x_wconf 85' lang='lat'>.</span> <span class='ocrx_word' id='word_1_35' title='bbox 708 997 1082 1099; x_wconf 77' lang='lat' dir='ltr'><strong>publicum.</strong></span> 
     </span>
    </p>
   </div>
   <div class='ocr_carea' id='block_1_9' title="bbox 1530 892 2572 1074">
    <p class='ocr_par' dir='ltr' id='par_1_9' title="bbox 1530 892 2572 1074">
     <span class='ocr_line' id='line_1_9' title="bbox 1530 892 2572 994; baseline 0.012 -34"><span class='ocrx_word' id='word_1_36' title='bbox 1530 892 1806 987; x_wconf 87' lang='lat' dir='ltr'><strong>inquam</strong></span> <span class='ocrx_word' id='word_1_37' title='bbox 1841 920 1858 962; x_wconf 80' lang='lat' dir='ltr'><strong>t</strong></span> <span class='ocrx_word' id='word_1_38' title='bbox 1899 920 2039 964; x_wconf 88' lang='lat' dir='ltr'><strong>non</strong></span> <span class='ocrx_word' id='word_1_39' title='bbox 2079 896 2213 967; x_wconf 81' lang='lat' dir='ltr'><strong>hoc</strong></span> <span class='ocrx_word' id='word_1_40' title='bbox 2252 898 2572 994; x_wconf 83' lang='lat' dir='ltr'><strong>inpendet</strong></span> 
     </span>
     <span class='ocr_line' id='line_1_10' title="bbox 2518 1033 2569 1074; baseline -0.078 0"><span class='ocrx_word' id='word_1_41' title='bbox 2518 1033 2569 1074; x_wconf 73' lang='lat'><strong>³5</strong></span> 
     </span>
    </p>
   </div>
   <div class='ocr_carea' id='block_1_10' title="bbox 411 1111 2573 1648">
    <p class='ocr_par' dir='ltr' id='par_1_10' title="bbox 413 1111 2315 1205">
     <span class='ocr_line' id='line_1_11' title="bbox 413 1111 2315 1205; baseline 0.002 -21"><span class='ocrx_word' id='word_1_42' title='bbox 413 1115 612 1185; x_wconf 88' lang='lat' dir='ltr'>Haud</span> <span class='ocrx_word' id='word_1_43' title='bbox 649 1130 842 1185; x_wconf 90' lang='lat' dir='ltr'><strong>tuum</strong></span> <span class='ocrx_word' id='word_1_44' title='bbox 878 1114 1049 1182; x_wconf 85' lang='lat' dir='ltr'><strong>istuc</strong></span> <span class='ocrx_word' id='word_1_45' title='bbox 1071 1125 1186 1180; x_wconf 83' lang='lat' dir='ltr'><strong>est</strong></span> <span class='ocrx_word' id='word_1_46' title='bbox 1220 1123 1286 1181; x_wconf 87' lang='lat' dir='ltr'><strong>te</strong></span> <span class='ocrx_word' id='word_1_47' title='bbox 1319 1111 1534 1179; x_wconf 86' lang='lat' dir='ltr'><strong>vereri</strong></span> <span class='ocrx_word' id='word_1_48' title='bbox 1561 1137 1577 1180; x_wconf 74' lang='grc' dir='ltr'>ε</span> <span class='ocrx_word' id='word_1_49' title='bbox 1606 1111 1791 1205; x_wconf 87' lang='lat' dir='ltr'><strong>eripe</strong></span> <span class='ocrx_word' id='word_1_50' title='bbox 1824 1137 1906 1182; x_wconf 84' lang='lat' dir='ltr'><strong>ex</strong></span> <span class='ocrx_word' id='word_1_51' title='bbox 1940 1138 2059 1183; x_wconf 84' lang='lat' dir='ltr'><strong>ore</strong></span> <span class='ocrx_word' id='word_1_52' title='bbox 2094 1117 2315 1188; x_wconf 80' lang='lat' dir='ltr'><strong>tibias.</strong></span> 
     </span>
    </p>

    <p class='ocr_par' dir='ltr' id='par_1_11' title="bbox 411 1221 2573 1648">
     <span class='ocr_line' id='line_1_12' title="bbox 413 1221 2565 1314; baseline 0.002 -20"><span class='ocrx_word' id='word_1_53' title='bbox 413 1248 517 1295; x_wconf 68' lang='grc' dir='ltr'><strong>ετ.</strong></span> <span class='ocrx_word' id='word_1_54' title='bbox 547 1225 684 1296; x_wconf 90' lang='lat' dir='ltr'><strong>Ubi</strong></span> <span class='ocrx_word' id='word_1_55' title='bbox 709 1223 852 1294; x_wconf 83' lang='lat' dir='ltr'><strong>illic</strong></span> <span class='ocrx_word' id='word_1_56' title='bbox 877 1223 1148 1308; x_wconf 85' lang='lat' dir='ltr'><strong>biberit,</strong></span> <span class='ocrx_word' id='word_1_57' title='bbox 1163 1221 1268 1291; x_wconf 77' lang='lat' dir='ltr'><strong>vel</strong></span> <span class='ocrx_word' id='word_1_58' title='bbox 1283 1236 1549 1290; x_wconf 79' lang='lat' dir='ltr'><strong>servato</strong></span> <span class='ocrx_word' id='word_1_59' title='bbox 1574 1247 1807 1291; x_wconf 84' lang='lat' dir='ltr'><strong>meum</strong></span> <span class='ocrx_word' id='word_1_60' title='bbox 1836 1224 2257 1314; x_wconf 73' lang='lat' dir='ltr'><strong>modum‚vel</strong></span> <span class='ocrx_word' id='word_1_61' title='bbox 2282 1244 2359 1302; x_wconf 88' lang='lat' dir='ltr'><strong>tu</strong></span> <span class='ocrx_word' id='word_1_62' title='bbox 2386 1231 2565 1302; x_wconf 80' lang='lat' dir='ltr'><strong>dato.</strong></span> 
     </span>
     <span class='ocr_line' id='line_1_13' title="bbox 413 1331 2561 1436; baseline 0.001 -29"><span class='ocrx_word' id='word_1_63' title='bbox 413 1334 593 1407; x_wconf 88' lang='lat' dir='ltr'><strong>Nolo</strong></span> <span class='ocrx_word' id='word_1_64' title='bbox 631 1359 758 1428; x_wconf 85' lang='lat' dir='ltr'><strong>ego</strong></span> <span class='ocrx_word' id='word_1_65' title='bbox 792 1359 916 1402; x_wconf 89' lang='lat' dir='ltr'><strong>nos</strong></span> <span class='ocrx_word' id='word_1_66' title='bbox 951 1357 1074 1426; x_wconf 84' lang='lat' dir='ltr'><strong>pro</strong></span> <span class='ocrx_word' id='word_1_67' title='bbox 1107 1356 1370 1400; x_wconf 88' lang='lat' dir='ltr'><strong>summo</strong></span> <span class='ocrx_word' id='word_1_68' title='bbox 1399 1331 1667 1419; x_wconf 82' lang='lat' dir='ltr'><strong>bibere3</strong></span> <span class='ocrx_word' id='word_1_69' title='bbox 1702 1331 1869 1401; x_wconf 84' lang='lat' dir='ltr'><strong>nulli</strong></span> <span class='ocrx_word' id='word_1_70' title='bbox 1906 1333 2253 1406; x_wconf 81' lang='lat' dir='ltr'><strong>relerimus</strong></span> <span class='ocrx_word' id='word_1_71' title='bbox 2291 1357 2517 1436; x_wconf 81' lang='lat' dir='ltr'><strong>postea</strong></span> <span class='ocrx_word' id='word_1_72' title='bbox 2546 1369 2561 1410; x_wconf 90' lang='lat'>:</span> 
     </span>
     <span class='ocr_line' id='line_1_14' title="bbox 411 1440 2573 1543; baseline 0.004 -31"><span class='ocrx_word' id='word_1_73' title='bbox 411 1443 720 1538; x_wconf 87' lang='lat' dir='ltr'><strong>Namque</strong></span> <span class='ocrx_word' id='word_1_74' title='bbox 742 1496 761 1529; x_wconf 89' lang='lat'>‚</span> <span class='ocrx_word' id='word_1_75' title='bbox 787 1440 1066 1535; x_wconf 84' lang='lat' dir='ltr'><strong>edepol,</strong></span> <span class='ocrx_word' id='word_1_76' title='bbox 1093 1443 1398 1535; x_wconf 83' lang='lat' dir='ltr'><strong>quamvis</strong></span> <span class='ocrx_word' id='word_1_77' title='bbox 1429 1440 1737 1511; x_wconf 85' lang='lat' dir='ltr'><strong>desubito</strong></span> <span class='ocrx_word' id='word_1_78' title='bbox 1764 1442 1865 1512; x_wconf 81' lang='lat' dir='ltr'><strong>vel</strong></span> <span class='ocrx_word' id='word_1_79' title='bbox 1892 1444 2100 1514; x_wconf 77' lang='lat' dir='ltr'><strong>cadus</strong></span> <span class='ocrx_word' id='word_1_80' title='bbox 2126 1450 2303 1518; x_wconf 81' lang='lat' dir='ltr'><strong>vorti</strong></span> <span class='ocrx_word' id='word_1_81' title='bbox 2325 1466 2573 1543; x_wconf 85' lang='lat' dir='ltr'><strong>potest.</strong></span> 
     </span>
     <span class='ocr_line' id='line_1_15' title="bbox 411 1552 2571 1648; baseline 0.002 -23"><span class='ocrx_word' id='word_1_82' title='bbox 411 1579 566 1625; x_wconf 75' lang='lat' dir='ltr'><strong>SAG.</strong></span> <span class='ocrx_word' id='word_1_83' title='bbox 605 1553 792 1646; x_wconf 89' lang='lat' dir='ltr'><strong>Quid</strong></span> <span class='ocrx_word' id='word_1_84' title='bbox 825 1552 1078 1648; x_wconf 85' lang='lat' dir='ltr'><strong>igitur?</strong></span> <span class='ocrx_word' id='word_1_85' title='bbox 1119 1577 1528 1648; x_wconf 80' lang='lat' dir='ltr'><strong>quamquam</strong></span> <span class='ocrx_word' id='word_1_86' title='bbox 1557 1569 1873 1647; x_wconf 82' lang='lat' dir='ltr'><strong>gravatus</strong></span> <span class='ocrx_word' id='word_1_87' title='bbox 1906 1554 2128 1643; x_wconf 71' lang='lat' dir='ltr'><strong>fuisti,</strong></span> <span class='ocrx_word' id='word_1_88' title='bbox 2164 1583 2303 1628; x_wconf 87' lang='lat' dir='ltr'><strong>non</strong></span> <span class='ocrx_word' id='word_1_89' title='bbox 2336 1565 2571 1632; x_wconf 83' lang='lat' dir='ltr'><strong>nocuit</strong></span> 
     </span>
    </p>
   </div>
   <div class='ocr_carea' id='block_1_11' title="bbox 704 1679 953 1736">
    <p class='ocr_par' dir='ltr' id='par_1_12' title="bbox 704 1679 953 1736">
     <span class='ocr_line' id='line_1_16' title="bbox 704 1679 953 1736; baseline 0.012 -2"><span class='ocrx_word' id='word_1_90' title='bbox 704 1679 953 1736; x_wconf 85' lang='lat' dir='ltr'><strong>tamen.</strong></span> 
     </span>
    </p>
   </div>
   <div class='ocr_carea' id='block_1_12' title="bbox 351 1783 1447 3912">
    <p class='ocr_par' dir='ltr' id='par_1_13' title="bbox 409 1783 1447 2011">
     <span class='ocr_line' id='line_1_17' title="bbox 494 1783 1444 1846; baseline -0.004 -6"><span class='ocrx_word' id='word_1_91' title='bbox 494 1785 589 1840; x_wconf 83' lang='lat'><strong>33.</strong></span> <span class='ocrx_word' id='word_1_92' title='bbox 615 1786 765 1846; x_wconf 79' lang='lat' dir='ltr'><strong>Bibe,</strong></span> <span class='ocrx_word' id='word_1_93' title='bbox 795 1785 984 1838; x_wconf 79' lang='lat' dir='ltr'><strong>tibicen.</strong></span> <span class='ocrx_word' id='word_1_94' title='bbox 1010 1785 1044 1837; x_wconf 87' lang='lat' dir='ltr'><strong>J</strong></span> <span class='ocrx_word' id='word_1_95' title='bbox 1048 1804 1133 1837; x_wconf 86' lang='lat' dir='ltr'><strong>am</strong></span> <span class='ocrx_word' id='word_1_96' title='bbox 1160 1783 1396 1837; x_wconf 73' lang='lat' dir='ltr'><strong>vidimus</strong></span> <span class='ocrx_word' id='word_1_97' title='bbox 1414 1803 1444 1837; x_wconf 80' lang='lat' dir='ltr'><strong>a</strong></span> 
     </span>
     <span class='ocr_line' id='line_1_18' title="bbox 411 1863 1447 1938; baseline 0 -18"><span class='ocrx_word' id='word_1_98' title='bbox 411 1865 676 1920; x_wconf 84' lang='lat' dir='ltr'><strong>Pseudolo</strong></span> <span class='ocrx_word' id='word_1_99' title='bbox 691 1865 966 1920; x_wconf 84' lang='lat' dir='ltr'><strong>tibicinem</strong></span> <span class='ocrx_word' id='word_1_100' title='bbox 985 1865 1338 1938; x_wconf 72' lang='lat' dir='ltr'><strong>appellatum.</strong></span> <span class='ocrx_word' id='word_1_101' title='bbox 1356 1863 1447 1920; x_wconf 82' lang='lat' dir='ltr'><strong>Cf.</strong></span> 
     </span>
     <span class='ocr_line' id='line_1_19' title="bbox 409 1947 696 2011; baseline 0.003 -13"><span class='ocrx_word' id='word_1_102' title='bbox 409 1947 466 2011; x_wconf 88' lang='lat' dir='ltr'><strong>I,</strong></span> <span class='ocrx_word' id='word_1_103' title='bbox 495 1947 548 2011; x_wconf 84' lang='grc'><strong>5,</strong></span> <span class='ocrx_word' id='word_1_104' title='bbox 574 1947 696 1999; x_wconf 88' lang='lat'><strong>160.</strong></span> 
     </span>
    </p>

    <p class='ocr_par' dir='ltr' id='par_1_14' title="bbox 351 2023 1446 3848">
     <span class='ocr_line' id='line_1_20' title="bbox 497 2023 1442 2095; baseline -0.003 -16"><span class='ocrx_word' id='word_1_105' title='bbox 497 2024 584 2079; x_wconf 83' lang='grc'><strong>35.</strong></span> <span class='ocrx_word' id='word_1_106' title='bbox 619 2025 736 2079; x_wconf 85' lang='lat' dir='ltr'><strong>Non</strong></span> <span class='ocrx_word' id='word_1_107' title='bbox 779 2025 870 2076; x_wconf 80' lang='lat' dir='ltr'><strong>hoc</strong></span> <span class='ocrx_word' id='word_1_108' title='bbox 912 2023 1137 2095; x_wconf 77' lang='lat' dir='ltr'><strong>inpendet</strong></span> <span class='ocrx_word' id='word_1_109' title='bbox 1175 2024 1442 2094; x_wconf 82' lang='lat' dir='ltr'><strong>publicum.</strong></span> 
     </span>
     <span class='ocr_line' id='line_1_21' title="bbox 408 2103 1444 2174; baseline -0.003 -16"><span class='ocrx_word' id='word_1_110' title='bbox 408 2105 703 2158; x_wconf 67' lang='lat' dir='ltr'><strong>Lambinus</strong></span> <span class='ocrx_word' id='word_1_111' title='bbox 730 2124 744 2156; x_wconf 74' lang='grc' dir='ltr'><strong>ε</strong></span> <span class='ocrx_word' id='word_1_112' title='bbox 773 2105 878 2158; x_wconf 88' lang='lat' dir='ltr'><strong>hoc</strong></span> <span class='ocrx_word' id='word_1_113' title='bbox 903 2104 1158 2174; x_wconf 86' lang='lat' dir='ltr'><strong>poculum</strong></span> <span class='ocrx_word' id='word_1_114' title='bbox 1175 2140 1191 2169; x_wconf 90' lang='lat'>,</span> <span class='ocrx_word' id='word_1_115' title='bbox 1214 2103 1361 2174; x_wconf 88' lang='lat' dir='ltr'><strong>quod</strong></span> <span class='ocrx_word' id='word_1_116' title='bbox 1392 2115 1444 2155; x_wconf 87' lang='lat' dir='ltr'><strong>te</strong></span> 
     </span>
     <span class='ocr_line' id='line_1_22' title="bbox 409 2182 1444 2252; baseline -0.003 -15"><span class='ocrx_word' id='word_1_117' title='bbox 409 2186 597 2237; x_wconf 86' lang='lat' dir='ltr'><strong>bibere</strong></span> <span class='ocrx_word' id='word_1_118' title='bbox 623 2184 747 2237; x_wconf 81' lang='lat' dir='ltr'><strong>volo</strong></span> <span class='ocrx_word' id='word_1_119' title='bbox 765 2222 780 2249; x_wconf 88' lang='lat'>,</span> <span class='ocrx_word' id='word_1_120' title='bbox 811 2185 1020 2236; x_wconf 87' lang='lat' dir='ltr'><strong>nullum</strong></span> <span class='ocrx_word' id='word_1_121' title='bbox 1058 2182 1281 2252; x_wconf 82' lang='lat' dir='ltr'><strong>vectigal</strong></span> <span class='ocrx_word' id='word_1_122' title='bbox 1309 2200 1444 2252; x_wconf 84' lang='lat' dir='ltr'><strong>pen-</strong></span> 
     </span>
     <span class='ocr_line' id='line_1_23' title="bbox 407 2261 1444 2334; baseline -0.005 -16"><span class='ocrx_word' id='word_1_123' title='bbox 407 2265 606 2318; x_wconf 77' lang='lat' dir='ltr'><strong>sitabit.</strong></span> <span class='ocrx_word' id='word_1_124' title='bbox 633 2261 909 2316; x_wconf 76' lang='lat' dir='ltr'><strong>Acidaiius</strong></span> <span class='ocrx_word' id='word_1_125' title='bbox 943 2262 1096 2334; x_wconf 84' lang='lat' dir='ltr'><strong>legit:</strong></span> <span class='ocrx_word' id='word_1_126' title='bbox 1146 2289 1169 2310; x_wconf 72' lang='grc' dir='ltr'><strong>α</strong></span> <span class='ocrx_word' id='word_1_127' title='bbox 1195 2281 1308 2314; x_wconf 85' lang='lat' dir='ltr'><strong>non</strong></span> <span class='ocrx_word' id='word_1_128' title='bbox 1340 2263 1444 2313; x_wconf 89' lang='lat' dir='ltr'><strong>im·</strong></span> 
     </span>
     <span class='ocr_line' id='line_1_24' title="bbox 409 2341 1442 2416; baseline -0.005 -18"><span class='ocrx_word' id='word_1_129' title='bbox 409 2343 562 2416; x_wconf 84' lang='lat' dir='ltr'><strong>pedit</strong></span> <span class='ocrx_word' id='word_1_130' title='bbox 584 2345 690 2398; x_wconf 79' lang='lat' dir='ltr'><strong>hoc</strong></span> <span class='ocrx_word' id='word_1_131' title='bbox 714 2345 994 2414; x_wconf 77' lang='lat' dir='ltr'><strong>publicum</strong></span> <span class='ocrx_word' id='word_1_132' title='bbox 1015 2367 1038 2390; x_wconf 69' lang='lat' dir='ltr'>n</span> <span class='ocrx_word' id='word_1_133' title='bbox 1061 2363 1075 2393; x_wconf 72' lang='grc' dir='ltr'>ε</span> <span class='ocrx_word' id='word_1_134' title='bbox 1106 2342 1230 2413; x_wconf 80' lang='lat' dir='ltr'><strong>quia</strong></span> <span class='ocrx_word' id='word_1_135' title='bbox 1255 2341 1314 2392; x_wconf 87' lang='lat' dir='ltr'><strong>in</strong></span> <span class='ocrx_word' id='word_1_136' title='bbox 1339 2359 1442 2410; x_wconf 83' lang='lat' dir='ltr'><strong>pu·</strong></span> 
     </span>
     <span class='ocr_line' id='line_1_25' title="bbox 408 2421 1441 2494; baseline -0.005 -18"><span class='ocrx_word' id='word_1_137' title='bbox 408 2425 551 2477; x_wconf 89' lang='lat' dir='ltr'><strong>blico</strong></span> <span class='ocrx_word' id='word_1_138' title='bbox 577 2422 885 2477; x_wconf 82' lang='lat' dir='ltr'><strong>convivium</strong></span> <span class='ocrx_word' id='word_1_139' title='bbox 920 2422 1182 2494; x_wconf 80' lang='lat' dir='ltr'><strong>agitatur,</strong></span> <span class='ocrx_word' id='word_1_140' title='bbox 1226 2421 1282 2472; x_wconf 89' lang='lat' dir='ltr'><strong>in</strong></span> <span class='ocrx_word' id='word_1_141' title='bbox 1313 2438 1441 2489; x_wconf 87' lang='lat' dir='ltr'><strong>pro-</strong></span> 
     </span>
     <span class='ocr_line' id='line_1_26' title="bbox 409 2499 1440 2576; baseline -0.007 -19"><span class='ocrx_word' id='word_1_142' title='bbox 409 2504 595 2576; x_wconf 74' lang='lat' dir='ltr'><strong>patulo</strong></span> <span class='ocrx_word' id='word_1_143' title='bbox 661 2502 937 2556; x_wconf 81' lang='lat' dir='ltr'><strong>tibicinem</strong></span> <span class='ocrx_word' id='word_1_144' title='bbox 989 2502 1178 2553; x_wconf 85' lang='lat' dir='ltr'><strong>bibere</strong></span> <span class='ocrx_word' id='word_1_145' title='bbox 1227 2499 1440 2570; x_wconf 82' lang='lat' dir='ltr'><strong>juberi,</strong></span> 
     </span>
     <span class='ocr_line' id='line_1_27' title="bbox 409 2577 1438 2656; baseline -0.005 -19"><span class='ocrx_word' id='word_1_146' title='bbox 409 2599 582 2656; x_wconf 82' lang='lat' dir='ltr'><strong>eoque</strong></span> <span class='ocrx_word' id='word_1_147' title='bbox 610 2584 730 2656; x_wconf 82' lang='lat' dir='ltr'><strong>ipso</strong></span> <span class='ocrx_word' id='word_1_148' title='bbox 757 2583 897 2635; x_wconf 87' lang='lat' dir='ltr'><strong>nihil</strong></span> <span class='ocrx_word' id='word_1_149' title='bbox 929 2579 1125 2634; x_wconf 85' lang='lat' dir='ltr'><strong>debere</strong></span> <span class='ocrx_word' id='word_1_150' title='bbox 1162 2577 1438 2650; x_wconf 84' lang='lat' dir='ltr'><strong>impediri.</strong></span> 
     </span>
     <span class='ocr_line' id='line_1_28' title="bbox 409 2658 1444 2717; baseline -0.007 0"><span class='ocrx_word' id='word_1_151' title='bbox 409 2664 706 2717; x_wconf 79' lang='lat' dir='ltr'><strong>Gruterus:</strong></span> <span class='ocrx_word' id='word_1_152' title='bbox 729 2662 785 2714; x_wconf 89' lang='lat' dir='ltr'><strong>in</strong></span> <span class='ocrx_word' id='word_1_153' title='bbox 813 2681 877 2714; x_wconf 90' lang='lat' dir='ltr'><strong>eo</strong></span> <span class='ocrx_word' id='word_1_154' title='bbox 903 2681 1014 2714; x_wconf 84' lang='lat' dir='ltr'><strong>non</strong></span> <span class='ocrx_word' id='word_1_155' title='bbox 1047 2673 1172 2714; x_wconf 79' lang='lat' dir='ltr'><strong>sunt</strong></span> <span class='ocrx_word' id='word_1_156' title='bbox 1194 2659 1308 2712; x_wconf 66' lang='lat' dir='ltr'><strong>sita</strong></span> <span class='ocrx_word' id='word_1_157' title='bbox 1333 2658 1444 2712; x_wconf 85' lang='lat' dir='ltr'><strong>for-</strong></span> 
     </span>
     <span class='ocr_line' id='line_1_29' title="bbox 408 2739 1442 2813; baseline -0.006 -17"><span class='ocrx_word' id='word_1_158' title='bbox 408 2756 553 2796; x_wconf 72' lang='lat' dir='ltr'><strong>tunae</strong></span> <span class='ocrx_word' id='word_1_159' title='bbox 580 2741 826 2813; x_wconf 79' lang='lat' dir='ltr'><strong>publicae.</strong></span> <span class='ocrx_word' id='word_1_160' title='bbox 850 2739 1084 2794; x_wconf 82' lang='lat' dir='ltr'><strong>Accessit</strong></span> <span class='ocrx_word' id='word_1_161' title='bbox 1109 2751 1412 2810; x_wconf 78' lang='lat' dir='ltr'><strong>postremus</strong></span> <span class='ocrx_word' id='word_1_162' title='bbox 1427 2777 1442 2804; x_wconf 91' lang='lat'><strong>,</strong></span> 
     </span>
     <span class='ocr_line' id='line_1_30' title="bbox 409 2819 1441 2876; baseline -0.005 -1"><span class='ocrx_word' id='word_1_163' title='bbox 409 2835 630 2876; x_wconf 74' lang='lat' dir='ltr'><strong>caeteros</strong></span> <span class='ocrx_word' id='word_1_164' title='bbox 655 2821 825 2874; x_wconf 78' lang='lat' dir='ltr'><strong>aliena</strong></span> <span class='ocrx_word' id='word_1_165' title='bbox 854 2841 881 2873; x_wconf 87' lang='lat' dir='ltr'>a</span> <span class='ocrx_word' id='word_1_166' title='bbox 911 2819 1087 2872; x_wconf 81' lang='lat' dir='ltr'><strong>Plauti</strong></span> <span class='ocrx_word' id='word_1_167' title='bbox 1108 2829 1288 2870; x_wconf 87' lang='lat' dir='ltr'><strong>mente</strong></span> <span class='ocrx_word' id='word_1_168' title='bbox 1312 2819 1441 2871; x_wconf 82' lang='lat' dir='ltr'><strong>scri-</strong></span> 
     </span>
     <span class='ocr_line' id='line_1_31' title="bbox 408 2899 1438 2972; baseline -0.006 -16"><span class='ocrx_word' id='word_1_169' title='bbox 408 2905 536 2956; x_wconf 78' lang='lat' dir='ltr'><strong>here</strong></span> <span class='ocrx_word' id='word_1_170' title='bbox 559 2901 848 2972; x_wconf 67' lang='lat' dir='ltr'><strong>praefatus:</strong></span> <span class='ocrx_word' id='word_1_171' title='bbox 880 2901 992 2952; x_wconf 78' lang='lat' dir='ltr'><strong>Hoc</strong></span> <span class='ocrx_word' id='word_1_172' title='bbox 1019 2899 1264 2970; x_wconf 71' lang='lat' dir='ltr'><strong>publicum</strong></span> <span class='ocrx_word' id='word_1_173' title='bbox 1282 2935 1296 2958; x_wconf 83' lang='grc'><strong>.</strong></span> <span class='ocrx_word' id='word_1_174' title='bbox 1321 2899 1362 2949; x_wconf 74' lang='grc' dir='ltr'><strong>ἱ.</strong></span> <span class='ocrx_word' id='word_1_175' title='bbox 1388 2916 1438 2950; x_wconf 84' lang='lat' dir='ltr'><strong>e.</strong></span> 
     </span>
     <span class='ocr_line' id='line_1_32' title="bbox 351 2977 1441 3054; baseline -0.005 -19"><span class='ocrx_word' id='word_1_176' title='bbox 351 2977 360 2988; x_wconf 62' lang='lat'>⁸</span> <span class='ocrx_word' id='word_1_177' title='bbox 408 2983 570 3054; x_wconf 69' lang='lat' dir='ltr'><strong>hujus</strong></span> <span class='ocrx_word' id='word_1_178' title='bbox 621 2980 935 3051; x_wconf 70' lang='lat' dir='ltr'><strong>reipublicae</strong></span> <span class='ocrx_word' id='word_1_179' title='bbox 987 2995 1126 3031; x_wconf 81' lang='lat' dir='ltr'><strong>onus</strong></span> <span class='ocrx_word' id='word_1_180' title='bbox 1179 2977 1280 3030; x_wconf 86' lang='lat' dir='ltr'><strong>tibi</strong></span> <span class='ocrx_word' id='word_1_181' title='bbox 1329 2995 1441 3030; x_wconf 85' lang='lat' dir='ltr'><strong>non</strong></span> 
     </span>
     <span class='ocr_line' id='line_1_33' title="bbox 409 3058 1444 3128; baseline -0.004 -14"><span class='ocrx_word' id='word_1_182' title='bbox 409 3061 656 3114; x_wconf 82' lang='lat' dir='ltr'><strong>imminet</strong></span> <span class='ocrx_word' id='word_1_183' title='bbox 686 3073 778 3112; x_wconf 82' lang='lat' dir='ltr'><strong>aut</strong></span> <span class='ocrx_word' id='word_1_184' title='bbox 801 3058 1085 3113; x_wconf 82' lang='lat' dir='ltr'><strong>incumbit.</strong></span> <span class='ocrx_word' id='word_1_185' title='bbox 1114 3059 1230 3128; x_wconf 81' lang='lat' dir='ltr'><strong>Ego</strong></span> <span class='ocrx_word' id='word_1_186' title='bbox 1261 3069 1444 3110; x_wconf 71' lang='lat' dir='ltr'><strong>eutem</strong></span> 
     </span>
     <span class='ocr_line' id='line_1_34' title="bbox 413 3137 1444 3207; baseline -0.005 -13"><span class='ocrx_word' id='word_1_187' title='bbox 413 3140 607 3194; x_wconf 75' lang='lat' dir='ltr'><strong>eodem</strong></span> <span class='ocrx_word' id='word_1_188' title='bbox 655 3138 848 3194; x_wconf 76' lang='lat' dir='ltr'><strong>ordine</strong></span> <span class='ocrx_word' id='word_1_189' title='bbox 897 3141 1012 3192; x_wconf 78' lang='lat' dir='ltr'><strong>hoec</strong></span> <span class='ocrx_word' id='word_1_190' title='bbox 1073 3137 1246 3190; x_wconf 81' lang='lat' dir='ltr'><strong>habeo</strong></span> <span class='ocrx_word' id='word_1_191' title='bbox 1261 3177 1277 3203; x_wconf 88' lang='lat'>‚</span> <span class='ocrx_word' id='word_1_192' title='bbox 1335 3155 1444 3207; x_wconf 88' lang='lat' dir='ltr'><strong>quo</strong></span> 
     </span>
     <span class='ocr_line' id='line_1_35' title="bbox 410 3217 1443 3291; baseline -0.003 -19"><span class='ocrx_word' id='word_1_193' title='bbox 410 3221 590 3291; x_wconf 85' lang='lat' dir='ltr'><strong>priora</strong></span> <span class='ocrx_word' id='word_1_194' title='bbox 605 3259 622 3284; x_wconf 90' lang='lat'>‚</span> <span class='ocrx_word' id='word_1_195' title='bbox 655 3217 849 3272; x_wconf 82' lang='lat' dir='ltr'><strong>dixisse</strong></span> <span class='ocrx_word' id='word_1_196' title='bbox 873 3233 1052 3273; x_wconf 87' lang='lat' dir='ltr'><strong>autem</strong></span> <span class='ocrx_word' id='word_1_197' title='bbox 1072 3218 1321 3271; x_wconf 75' lang='lat' dir='ltr'><strong>Plautum</strong></span> <span class='ocrx_word' id='word_1_198' title='bbox 1342 3235 1443 3288; x_wconf 86' lang='lat' dir='ltr'><strong>pu-</strong></span> 
     </span>
     <span class='ocr_line' id='line_1_36' title="bbox 411 3297 1443 3370; baseline -0.005 -18"><span class='ocrx_word' id='word_1_199' title='bbox 411 3313 498 3352; x_wconf 84' lang='lat' dir='ltr'><strong>to:</strong></span> <span class='ocrx_word' id='word_1_200' title='bbox 537 3301 656 3354; x_wconf 81' lang='lat' dir='ltr'><strong>Non</strong></span> <span class='ocrx_word' id='word_1_201' title='bbox 679 3300 798 3366; x_wconf 71' lang='lat' dir='ltr'><strong>hoc,</strong></span> <span class='ocrx_word' id='word_1_202' title='bbox 829 3299 977 3370; x_wconf 85' lang='lat' dir='ltr'><strong>quod</strong></span> <span class='ocrx_word' id='word_1_203' title='bbox 999 3299 1162 3352; x_wconf 72' lang='lat' dir='ltr'><strong>sumti</strong></span> <span class='ocrx_word' id='word_1_204' title='bbox 1185 3297 1443 3362; x_wconf 76' lang='lat' dir='ltr'><strong>facimus,</strong></span> 
     </span>
     <span class='ocr_line' id='line_1_37' title="bbox 411 3377 1446 3450; baseline -0.003 -19"><span class='ocrx_word' id='word_1_205' title='bbox 411 3378 666 3450; x_wconf 84' lang='lat' dir='ltr'><strong>quodque</strong></span> <span class='ocrx_word' id='word_1_206' title='bbox 699 3389 762 3432; x_wconf 82' lang='lat' dir='ltr'><strong>tu</strong></span> <span class='ocrx_word' id='word_1_207' title='bbox 801 3378 857 3430; x_wconf 85' lang='lat' dir='ltr'><strong>in</strong></span> <span class='ocrx_word' id='word_1_208' title='bbox 881 3377 1082 3450; x_wconf 83' lang='lat' dir='ltr'><strong>poculo</strong></span> <span class='ocrx_word' id='word_1_209' title='bbox 1108 3393 1316 3442; x_wconf 74' lang='lat' dir='ltr'><strong>sumes,</strong></span> <span class='ocrx_word' id='word_1_210' title='bbox 1361 3380 1446 3428; x_wconf 60' lang='lat' dir='ltr'><strong>im»</strong></span> 
     </span>
     <span class='ocr_line' id='line_1_38' title="bbox 405 3457 1444 3530; baseline -0.002 -18"><span class='ocrx_word' id='word_1_211' title='bbox 405 3461 618 3530; x_wconf 73' lang='lat' dir='ltr'><strong>pendet,</strong></span> <span class='ocrx_word' id='word_1_212' title='bbox 657 3458 923 3529; x_wconf 70' lang='lat' dir='ltr'><strong>erogabit,</strong></span> <span class='ocrx_word' id='word_1_213' title='bbox 969 3457 1236 3529; x_wconf 40' lang='lat' dir='ltr'><strong>publicum,</strong></span> <span class='ocrx_word' id='word_1_214' title='bbox 1259 3473 1279 3505; x_wconf 91' lang='grc'><strong>.·</strong></span> <span class='ocrx_word' id='word_1_215' title='bbox 1329 3473 1444 3510; x_wconf 79' lang='lat' dir='ltr'><strong>non</strong></span> 
     </span>
     <span class='ocr_line' id='line_1_39' title="bbox 407 3537 1444 3610; baseline -0.004 -18"><span class='ocrx_word' id='word_1_216' title='bbox 407 3538 709 3610; x_wconf 63' lang='lat' dir='ltr'><strong>respublica</strong></span> <span class='ocrx_word' id='word_1_217' title='bbox 727 3537 1035 3610; x_wconf 75' lang='lat' dir='ltr'><strong>gravabitur</strong></span> <span class='ocrx_word' id='word_1_218' title='bbox 1050 3537 1153 3590; x_wconf 74' lang='lat' dir='ltr'><strong>hae</strong></span> <span class='ocrx_word' id='word_1_219' title='bbox 1167 3537 1412 3607; x_wconf 76' lang='lat' dir='ltr'><strong>impensa</strong></span> <span class='ocrx_word' id='word_1_220' title='bbox 1427 3553 1444 3588; x_wconf 74' lang='grc' dir='ltr'><strong><em>ε</em></strong></span> 
     </span>
     <span class='ocr_line' id='line_1_40' title="bbox 409 3614 1446 3688; baseline -0.003 -18"><span class='ocrx_word' id='word_1_221' title='bbox 409 3637 522 3671; x_wconf 79' lang='lat' dir='ltr'><strong>non</strong></span> <span class='ocrx_word' id='word_1_222' title='bbox 545 3619 731 3672; x_wconf 64' lang='lat' dir='ltr'><strong>orario</strong></span> <span class='ocrx_word' id='word_1_223' title='bbox 755 3630 846 3670; x_wconf 70' lang='lat' dir='ltr'><strong>eut</strong></span> <span class='ocrx_word' id='word_1_224' title='bbox 874 3618 1037 3670; x_wconf 75' lang='lat' dir='ltr'><strong>rebus</strong></span> <span class='ocrx_word' id='word_1_225' title='bbox 1057 3616 1252 3688; x_wconf 82' lang='lat' dir='ltr'><strong>populi</strong></span> <span class='ocrx_word' id='word_1_226' title='bbox 1283 3614 1446 3668; x_wconf 87' lang='lat' dir='ltr'><strong>dece-</strong></span> 
     </span>
     <span class='ocr_line' id='line_1_41' title="bbox 413 3697 1444 3765; baseline -0.002 -14"><span class='ocrx_word' id='word_1_227' title='bbox 413 3697 504 3751; x_wconf 83' lang='lat' dir='ltr'><strong>det</strong></span> <span class='ocrx_word' id='word_1_228' title='bbox 531 3698 624 3752; x_wconf 85' lang='lat' dir='ltr'><strong>hic</strong></span> <span class='ocrx_word' id='word_1_229' title='bbox 655 3709 863 3750; x_wconf 79' lang='lat' dir='ltr'><strong>sumtus</strong></span> <span class='ocrx_word' id='word_1_230' title='bbox 879 3736 896 3763; x_wconf 88' lang='lat'>‚</span> <span class='ocrx_word' id='word_1_231' title='bbox 933 3708 996 3750; x_wconf 83' lang='lat' dir='ltr'><strong>ut</strong></span> <span class='ocrx_word' id='word_1_232' title='bbox 1021 3697 1140 3749; x_wconf 75' lang='lat' dir='ltr'><strong>sine</strong></span> <span class='ocrx_word' id='word_1_233' title='bbox 1173 3707 1323 3748; x_wconf 81' lang='lat' dir='ltr'><strong>metu</strong></span> <span class='ocrx_word' id='word_1_234' title='bbox 1349 3713 1444 3765; x_wconf 80' lang='lat' dir='ltr'><strong>pe-</strong></span> 
     </span>
     <span class='ocr_line' id='line_1_42' title="bbox 412 3775 1257 3848; baseline -0.004 -18"><span class='ocrx_word' id='word_1_235' title='bbox 412 3779 619 3832; x_wconf 76' lang='lat' dir='ltr'><strong>culatus</strong></span> <span class='ocrx_word' id='word_1_236' title='bbox 633 3793 832 3848; x_wconf 70' lang='lat' dir='ltr'><strong>capere</strong></span> <span class='ocrx_word' id='word_1_237' title='bbox 855 3776 1042 3848; x_wconf 76' lang='lat' dir='ltr'><strong>possis.</strong></span> <span class='ocrx_word' id='word_1_238' title='bbox 1072 3775 1257 3828; x_wconf 69' lang='lat' dir='ltr'><strong>Guou.</strong></span> 
     </span>
    </p>

    <p class='ocr_par' dir='ltr' id='par_1_15' title="bbox 498 3856 1442 3912">
     <span class='ocr_line' id='line_1_43' title="bbox 498 3856 1442 3912; baseline -0.004 -1"><span class='ocrx_word' id='word_1_239' title='bbox 498 3859 592 3912; x_wconf 87' lang='grc'><strong>36.</strong></span> <span class='ocrx_word' id='word_1_240' title='bbox 617 3856 780 3909; x_wconf 63' lang='lat' dir='ltr'><strong>Haud</strong></span> <span class='ocrx_word' id='word_1_241' title='bbox 807 3869 938 3908; x_wconf 81' lang='lat' dir='ltr'><strong>tuum</strong></span> <span class='ocrx_word' id='word_1_242' title='bbox 963 3859 1086 3908; x_wconf 74' lang='lat' dir='ltr'><strong>istuc</strong></span> <span class='ocrx_word' id='word_1_243' title='bbox 1102 3867 1178 3906; x_wconf 71' lang='lat' dir='ltr'><strong>eet</strong></span> <span class='ocrx_word' id='word_1_244' title='bbox 1200 3867 1246 3906; x_wconf 77' lang='lat' dir='ltr'><strong>te</strong></span> <span class='ocrx_word' id='word_1_245' title='bbox 1265 3858 1442 3907; x_wconf 69' lang='lat' dir='ltr'><strong>vemt-i.</strong></span> 
     </span>
    </p>
   </div>
   <div class='ocr_carea' id='block_1_13' title="bbox 2522 1698 2581 1741">
    <p class='ocr_par' dir='ltr' id='par_1_16' title="bbox 2522 1698 2581 1741">
     <span class='ocr_line' id='line_1_44' title="bbox 2522 1698 2581 1741; baseline 0 -5"><span class='ocrx_word' id='word_1_246' title='bbox 2522 1698 2581 1741; x_wconf 62' lang='grc' dir='ltr'><strong>ἂν</strong></span> 
     </span>
    </p>
   </div>
   <div class='ocr_carea' id='block_1_14' title="bbox 1527 1782 2611 3928">
    <p class='ocr_par' dir='ltr' id='par_1_17' title="bbox 1531 1782 2572 2094">
     <span class='ocr_line' id='line_1_45' title="bbox 1536 1782 2569 1863; baseline 0.012 -27"><span class='ocrx_word' id='word_1_247' title='bbox 1536 1782 1887 1838; x_wconf 77' lang='lat' dir='ltr'><strong>verecundari</strong></span> <span class='ocrx_word' id='word_1_248' title='bbox 1938 1783 2009 1839; x_wconf 83' lang='lat' dir='ltr'><strong>ad</strong></span> <span class='ocrx_word' id='word_1_249' title='bbox 2054 1787 2313 1846; x_wconf 65' lang='lat' dir='ltr'><strong>sumenda</strong></span> <span class='ocrx_word' id='word_1_250' title='bbox 2359 1796 2569 1863; x_wconf 79' lang='lat' dir='ltr'><strong>pocula.</strong></span> 
     </span>
     <span class='ocr_line' id='line_1_46' title="bbox 1536 1865 2572 1932; baseline 0.011 -16"><span class='ocrx_word' id='word_1_251' title='bbox 1536 1865 1944 1932; x_wconf 57' lang='lat' dir='ltr'><strong>Giton—Quae</strong></span> <span class='ocrx_word' id='word_1_252' title='bbox 1972 1867 2113 1924; x_wconf 76' lang='lat' dir='ltr'><strong>fama</strong></span> <span class='ocrx_word' id='word_1_253' title='bbox 2141 1868 2301 1922; x_wconf 84' lang='lat' dir='ltr'><strong>fuerit</strong></span> <span class='ocrx_word' id='word_1_254' title='bbox 2334 1873 2572 1930; x_wconf 82' lang='lat' dir='ltr'><strong>tibicini-</strong></span> 
     </span>
     <span class='ocr_line' id='line_1_47' title="bbox 1531 1943 2563 2015; baseline 0.011 -20"><span class='ocrx_word' id='word_1_255' title='bbox 1531 1943 1635 1998; x_wconf 78' lang='lat' dir='ltr'><strong>bus</strong></span> <span class='ocrx_word' id='word_1_256' title='bbox 1670 1943 1813 2015; x_wconf 78' lang='lat' dir='ltr'><strong>apud</strong></span> <span class='ocrx_word' id='word_1_257' title='bbox 1835 1959 2068 2015; x_wconf 82' lang='lat' dir='ltr'><strong>veteres,</strong></span> <span class='ocrx_word' id='word_1_258' title='bbox 2087 1945 2213 2000; x_wconf 86' lang='lat' dir='ltr'><strong>vide</strong></span> <span class='ocrx_word' id='word_1_259' title='bbox 2236 1948 2398 2005; x_wconf 84' lang='lat' dir='ltr'><strong>ovid.</strong></span> <span class='ocrx_word' id='word_1_260' title='bbox 2425 1953 2467 2005; x_wconf 92' lang='lat' dir='ltr'>F</span> <span class='ocrx_word' id='word_1_261' title='bbox 2469 1967 2563 2006; x_wconf 85' lang='lat' dir='ltr'><strong>ast.</strong></span> 
     </span>
     <span class='ocr_line' id='line_1_48' title="bbox 1533 2025 1960 2094; baseline 0.007 -19"><span class='ocrx_word' id='word_1_262' title='bbox 1533 2025 1645 2089; x_wconf 85' lang='lat' dir='ltr'><strong>VI,</strong></span> <span class='ocrx_word' id='word_1_263' title='bbox 1677 2025 1960 2094; x_wconf 82' lang='lat'><strong>653·692.</strong></span> 
     </span>
    </p>

    <p class='ocr_par' dir='ltr' id='par_1_18' title="bbox 1530 2105 2611 2336">
     <span class='ocr_line' id='line_1_49' title="bbox 1617 2105 2566 2174; baseline 0.008 -17"><span class='ocrx_word' id='word_1_264' title='bbox 1617 2105 1712 2174; x_wconf 86' lang='grc'><strong>37.</strong></span> <span class='ocrx_word' id='word_1_265' title='bbox 1757 2105 1815 2155; x_wconf 88' lang='lat' dir='ltr'><em>V</em></span> <span class='ocrx_word' id='word_1_266' title='bbox 1807 2105 1857 2156; x_wconf 79' lang='lat' dir='ltr'><strong>el</strong></span> <span class='ocrx_word' id='word_1_267' title='bbox 1877 2118 2066 2158; x_wconf 71' lang='lat' dir='ltr'><strong>servato</strong></span> <span class='ocrx_word' id='word_1_268' title='bbox 2100 2126 2279 2170; x_wconf 71' lang='lat' dir='ltr'><strong>meum,</strong></span> <span class='ocrx_word' id='word_1_269' title='bbox 2328 2122 2431 2164; x_wconf 78' lang='lat' dir='ltr'><strong>otc.</strong></span> <span class='ocrx_word' id='word_1_270' title='bbox 2462 2113 2566 2165; x_wconf 77' lang='lat' dir='ltr'><strong>Vel</strong></span> 
     </span>
     <span class='ocr_line' id='line_1_50' title="bbox 1531 2185 2611 2260; baseline 0.01 -26"><span class='ocrx_word' id='word_1_271' title='bbox 1531 2195 1591 2234; x_wconf 86' lang='lat' dir='ltr'><strong>tu</strong></span> <span class='ocrx_word' id='word_1_272' title='bbox 1608 2195 1863 2254; x_wconf 80' lang='lat' dir='ltr'><strong>strategus</strong></span> <span class='ocrx_word' id='word_1_273' title='bbox 1877 2185 2133 2253; x_wconf 81' lang='lat' dir='ltr'><strong>convivii,</strong></span> <span class='ocrx_word' id='word_1_274' title='bbox 2152 2188 2265 2240; x_wconf 77' lang='lat' dir='ltr'><strong>vini</strong></span> <span class='ocrx_word' id='word_1_275' title='bbox 2277 2188 2563 2260; x_wconf 85' lang='lat' dir='ltr'><strong>imperium</strong></span> <span class='ocrx_word' id='word_1_276' title='bbox 2604 2211 2611 2222; x_wconf 83' lang='lat'><strong>·</strong></span> 
     </span>
     <span class='ocr_line' id='line_1_51' title="bbox 1530 2261 2063 2336; baseline 0.008 -22"><span class='ocrx_word' id='word_1_277' title='bbox 1530 2261 1807 2326; x_wconf 55' lang='lat' dir='ltr'><strong>inhibeam</strong></span> <span class='ocrx_word' id='word_1_278' title='bbox 1834 2264 1919 2318; x_wconf 82' lang='lat' dir='ltr'><strong>vel</strong></span> <span class='ocrx_word' id='word_1_279' title='bbox 1948 2283 2063 2336; x_wconf 79' lang='lat' dir='ltr'><strong>ego.</strong></span> 
     </span>
    </p>

    <p class='ocr_par' dir='ltr' id='par_1_19' title="bbox 1527 2342 2570 3368">
     <span class='ocr_line' id='line_1_52' title="bbox 1614 2342 2567 2414; baseline 0.009 -19"><span class='ocrx_word' id='word_1_280' title='bbox 1614 2343 1706 2396; x_wconf 83' lang='lat'><strong>38.</strong></span> <span class='ocrx_word' id='word_1_281' title='bbox 1737 2342 1869 2396; x_wconf 81' lang='lat' dir='ltr'><em>Nolo</em></span> <span class='ocrx_word' id='word_1_282' title='bbox 1898 2363 1993 2412; x_wconf 77' lang='lat' dir='ltr'><strong>ego</strong></span> <span class='ocrx_word' id='word_1_283' title='bbox 2008 2363 2099 2396; x_wconf 80' lang='lat' dir='ltr'><strong>ms</strong></span> <span class='ocrx_word' id='word_1_284' title='bbox 2114 2365 2215 2414; x_wconf 76' lang='lat' dir='ltr'><strong>pro</strong></span> <span class='ocrx_word' id='word_1_285' title='bbox 2236 2361 2437 2401; x_wconf 71' lang='lat' dir='ltr'><strong>summo.</strong></span> <span class='ocrx_word' id='word_1_286' title='bbox 2462 2350 2567 2404; x_wconf 82' lang='lat' dir='ltr'><strong>Hic</strong></span> 
     </span>
     <span class='ocr_line' id='line_1_53' title="bbox 1529 2422 2567 2501; baseline 0.012 -30"><span class='ocrx_word' id='word_1_287' title='bbox 1529 2438 1714 2473; x_wconf 83' lang='lat' dir='ltr'><strong>sensus</strong></span> <span class='ocrx_word' id='word_1_288' title='bbox 1752 2434 1831 2474; x_wconf 82' lang='lat' dir='ltr'><strong>est</strong></span> <span class='ocrx_word' id='word_1_289' title='bbox 1869 2422 2030 2493; x_wconf 76' lang='lat' dir='ltr'><strong>hujus</strong></span> <span class='ocrx_word' id='word_1_290' title='bbox 2068 2423 2177 2480; x_wconf 88' lang='lat' dir='ltr'><strong>loci</strong></span> <span class='ocrx_word' id='word_1_291' title='bbox 2210 2445 2226 2478; x_wconf 76' lang='grc' dir='ltr'><strong><em>ε</em></strong></span> <span class='ocrx_word' id='word_1_292' title='bbox 2279 2426 2423 2480; x_wconf 88' lang='lat' dir='ltr'><strong>Nolo</strong></span> <span class='ocrx_word' id='word_1_293' title='bbox 2468 2449 2567 2501; x_wconf 83' lang='lat' dir='ltr'><strong>ego</strong></span> 
     </span>
     <span class='ocr_line' id='line_1_54' title="bbox 1528 2502 2567 2578; baseline 0.01 -26"><span class='ocrx_word' id='word_1_294' title='bbox 1528 2519 1629 2552; x_wconf 78' lang='lat' dir='ltr'><strong>nos</strong></span> <span class='ocrx_word' id='word_1_295' title='bbox 1650 2503 1799 2572; x_wconf 81' lang='lat' dir='ltr'><strong>quasi</strong></span> <span class='ocrx_word' id='word_1_296' title='bbox 1822 2502 2073 2554; x_wconf 87' lang='lat' dir='ltr'><strong>ultimum</strong></span> <span class='ocrx_word' id='word_1_297' title='bbox 2088 2539 2105 2568; x_wconf 92' lang='lat'>‚</span> <span class='ocrx_word' id='word_1_298' title='bbox 2128 2517 2179 2556; x_wconf 87' lang='lat' dir='ltr'><strong>et</strong></span> <span class='ocrx_word' id='word_1_299' title='bbox 2200 2523 2311 2557; x_wconf 89' lang='lat' dir='ltr'><strong>non</strong></span> <span class='ocrx_word' id='word_1_300' title='bbox 2337 2511 2567 2578; x_wconf 82' lang='lat' dir='ltr'><strong>amplius</strong></span> 
     </span>
     <span class='ocr_line' id='line_1_55' title="bbox 1528 2579 2567 2650; baseline 0.01 -19"><span class='ocrx_word' id='word_1_301' title='bbox 1528 2593 1715 2650; x_wconf 76' lang='lat' dir='ltr'><strong>postea</strong></span> <span class='ocrx_word' id='word_1_302' title='bbox 1742 2579 2033 2647; x_wconf 80' lang='lat' dir='ltr'><strong>bibituros,</strong></span> <span class='ocrx_word' id='word_1_303' title='bbox 2051 2583 2237 2634; x_wconf 84' lang='lat' dir='ltr'><strong>bibere</strong></span> <span class='ocrx_word' id='word_1_304' title='bbox 2253 2622 2270 2649; x_wconf 87' lang='lat'>,</span> <span class='ocrx_word' id='word_1_305' title='bbox 2287 2585 2324 2638; x_wconf 83' lang='lat' dir='ltr'><strong>i.</strong></span> <span class='ocrx_word' id='word_1_306' title='bbox 2342 2605 2387 2639; x_wconf 87' lang='lat' dir='ltr'><strong>e.</strong></span> <span class='ocrx_word' id='word_1_307' title='bbox 2403 2589 2567 2641; x_wconf 78' lang='lat' dir='ltr'><strong>nimis</strong></span> 
     </span>
     <span class='ocr_line' id='line_1_56' title="bbox 1529 2657 2570 2734; baseline 0.012 -24"><span class='ocrx_word' id='word_1_308' title='bbox 1529 2657 1705 2714; x_wconf 84' lang='lat' dir='ltr'><strong>avide.</strong></span> <span class='ocrx_word' id='word_1_309' title='bbox 1728 2659 1899 2716; x_wconf 55' lang='lat' dir='ltr'><strong>Sim.</strong></span> <span class='ocrx_word' id='word_1_310' title='bbox 1932 2691 2009 2704; x_wconf 82' lang='lat'><strong>--</strong></span> <span class='ocrx_word' id='word_1_311' title='bbox 2032 2662 2189 2715; x_wconf 76' lang='lat' dir='ltr'><strong>Nulli.</strong></span> <span class='ocrx_word' id='word_1_312' title='bbox 2225 2661 2377 2734; x_wconf 63' lang='lat' dir='ltr'><strong>sape</strong></span> <span class='ocrx_word' id='word_1_313' title='bbox 2405 2670 2570 2722; x_wconf 72' lang='lat' dir='ltr'><strong>nullus</strong></span> 
     </span>
     <span class='ocr_line' id='line_1_57' title="bbox 1528 2738 2559 2811; baseline 0.01 -21"><span class='ocrx_word' id='word_1_314' title='bbox 1528 2758 1631 2809; x_wconf 86' lang='lat' dir='ltr'><strong>pro</strong></span> <span class='ocrx_word' id='word_1_315' title='bbox 1652 2738 1794 2792; x_wconf 81' lang='lat' dir='ltr'><strong>nuda</strong></span> <span class='ocrx_word' id='word_1_316' title='bbox 1814 2741 2061 2811; x_wconf 79' lang='lat' dir='ltr'><strong>negativa</strong></span> <span class='ocrx_word' id='word_1_317' title='bbox 2084 2744 2559 2800; x_wconf 69' lang='lat' dir='ltr'><strong>nom—Relerc‘mus.</strong></span> 
     </span>
     <span class='ocr_line' id='line_1_58' title="bbox 1529 2818 2561 2891; baseline 0.009 -21"><span class='ocrx_word' id='word_1_318' title='bbox 1529 2819 1869 2890; x_wconf 77' lang='lat' dir='ltr'><strong>Eugraphius</strong></span> <span class='ocrx_word' id='word_1_319' title='bbox 1892 2818 1959 2873; x_wconf 78' lang='lat' dir='ltr'><strong>ad</strong></span> <span class='ocrx_word' id='word_1_320' title='bbox 1980 2819 2199 2873; x_wconf 84' lang='lat' dir='ltr'><strong>Terent.</strong></span> <span class='ocrx_word' id='word_1_321' title='bbox 2223 2821 2416 2877; x_wconf 82' lang='lat' dir='ltr'><strong>Heaut.</strong></span> <span class='ocrx_word' id='word_1_322' title='bbox 2440 2828 2526 2878; x_wconf 92' lang='lat'><strong>111</strong></span> <span class='ocrx_word' id='word_1_323' title='bbox 2542 2865 2561 2891; x_wconf 82' lang='lat'>‚</span> 
     </span>
     <span class='ocr_line' id='line_1_59' title="bbox 1538 2899 2567 2974; baseline 0.011 -26"><span class='ocrx_word' id='word_1_324' title='bbox 1538 2915 1588 2964; x_wconf 89' lang='lat'><strong>1,</strong></span> <span class='ocrx_word' id='word_1_325' title='bbox 1636 2905 1703 2952; x_wconf 81' lang='lat'><strong>51</strong></span> <span class='ocrx_word' id='word_1_326' title='bbox 1726 2903 1771 2950; x_wconf 79' lang='lat'><strong>⁸:</strong></span> <span class='ocrx_word' id='word_1_327' title='bbox 1814 2899 2039 2951; x_wconf 74' lang='lat' dir='ltr'><strong>«Liuii-e</strong></span> <span class='ocrx_word' id='word_1_328' title='bbox 2075 2912 2153 2952; x_wconf 78' lang='lat' dir='ltr'><strong>est</strong></span> <span class='ocrx_word' id='word_1_329' title='bbox 2196 2914 2481 2974; x_wconf 79' lang='lat' dir='ltr'><strong>contegere</strong></span> <span class='ocrx_word' id='word_1_330' title='bbox 2514 2921 2567 2959; x_wconf 87' lang='lat' dir='ltr'><strong>et</strong></span> 
     </span>
     <span class='ocr_line' id='line_1_60' title="bbox 1530 2976 2561 3048; baseline 0.009 -19"><span class='ocrx_word' id='word_1_331' title='bbox 1530 2979 1775 3046; x_wconf 80' lang='lat' dir='ltr'><strong>operire3</strong></span> <span class='ocrx_word' id='word_1_332' title='bbox 1800 2976 2131 3032; x_wconf 70' lang='lat' dir='ltr'><strong>contrarium</strong></span> <span class='ocrx_word' id='word_1_333' title='bbox 2151 2992 2231 3032; x_wconf 83' lang='lat' dir='ltr'><strong>est</strong></span> <span class='ocrx_word' id='word_1_334' title='bbox 2248 2981 2441 3048; x_wconf 74' lang='lat' dir='ltr'><strong>relevi,</strong></span> <span class='ocrx_word' id='word_1_335' title='bbox 2461 2985 2497 3037; x_wconf 91' lang='lat' dir='ltr'><strong>i.</strong></span> <span class='ocrx_word' id='word_1_336' title='bbox 2515 3003 2561 3038; x_wconf 89' lang='lat' dir='ltr'><strong>e.</strong></span> 
     </span>
     <span class='ocr_line' id='line_1_61' title="bbox 1529 3058 2567 3129; baseline 0.008 -20"><span class='ocrx_word' id='word_1_337' title='bbox 1529 3058 1716 3128; x_wconf 71' lang='lat' dir='ltr'><strong>aperui</strong></span> <span class='ocrx_word' id='word_1_338' title='bbox 1744 3085 1787 3110; x_wconf 75' lang='lat' dir='ltr'><strong>n.</strong></span> <span class='ocrx_word' id='word_1_339' title='bbox 1840 3059 1977 3111; x_wconf 81' lang='lat' dir='ltr'><strong>Cera</strong></span> <span class='ocrx_word' id='word_1_340' title='bbox 2019 3059 2103 3111; x_wconf 82' lang='lat' dir='ltr'><strong>vel</strong></span> <span class='ocrx_word' id='word_1_341' title='bbox 2150 3059 2273 3129; x_wconf 79' lang='lat' dir='ltr'><strong>pice</strong></span> <span class='ocrx_word' id='word_1_342' title='bbox 2321 3075 2415 3115; x_wconf 72' lang='lat' dir='ltr'><strong>out</strong></span> <span class='ocrx_word' id='word_1_343' title='bbox 2456 3064 2567 3116; x_wconf 72' lang='lat' dir='ltr'><strong>aiio</strong></span> 
     </span>
     <span class='ocr_line' id='line_1_62' title="bbox 1529 3136 2563 3207; baseline 0.007 -17"><span class='ocrx_word' id='word_1_344' title='bbox 1529 3137 1724 3207; x_wconf 83' lang='lat' dir='ltr'><strong>quovis</strong></span> <span class='ocrx_word' id='word_1_345' title='bbox 1776 3136 2057 3190; x_wconf 75' lang='lat' dir='ltr'><strong>linimento</strong></span> <span class='ocrx_word' id='word_1_346' title='bbox 2110 3139 2461 3196; x_wconf 70' lang='lat' dir='ltr'><strong>obstruebant</strong></span> <span class='ocrx_word' id='word_1_347' title='bbox 2502 3162 2563 3196; x_wconf 76' lang='lat' dir='ltr'><strong>oe</strong></span> 
     </span>
     <span class='ocr_line' id='line_1_63' title="bbox 1527 3215 2563 3294; baseline 0.006 -26"><span class='ocrx_word' id='word_1_348' title='bbox 1527 3215 1803 3271; x_wconf 77' lang='lat' dir='ltr'><strong>cadorum.</strong></span> <span class='ocrx_word' id='word_1_349' title='bbox 1850 3218 1974 3270; x_wconf 81' lang='lat' dir='ltr'><strong>Non</strong></span> <span class='ocrx_word' id='word_1_350' title='bbox 2020 3217 2337 3272; x_wconf 75' lang='lat' dir='ltr'><strong>habebimus</strong></span> <span class='ocrx_word' id='word_1_351' title='bbox 2377 3233 2563 3294; x_wconf 69' lang='lat' dir='ltr'><strong>postea</strong></span> 
     </span>
     <span class='ocr_line' id='line_1_64' title="bbox 1529 3295 2442 3368; baseline 0.004 -19"><span class='ocrx_word' id='word_1_352' title='bbox 1529 3295 1691 3350; x_wconf 75' lang='lat' dir='ltr'><strong>cados</strong></span> <span class='ocrx_word' id='word_1_353' title='bbox 1707 3297 1869 3363; x_wconf 73' lang='lat' dir='ltr'><strong>elios,</strong></span> <span class='ocrx_word' id='word_1_354' title='bbox 1892 3297 1984 3368; x_wconf 88' lang='lat' dir='ltr'><strong>qui</strong></span> <span class='ocrx_word' id='word_1_355' title='bbox 2006 3297 2339 3351; x_wconf 76' lang='lat' dir='ltr'><strong>reliuiantur.</strong></span> <span class='ocrx_word' id='word_1_356' title='bbox 2370 3300 2442 3353; x_wconf 88' lang='lat' dir='ltr'><strong>N.</strong></span> 
     </span>
    </p>

    <p class='ocr_par' dir='ltr' id='par_1_20' title="bbox 1529 3377 2569 3846">
     <span class='ocr_line' id='line_1_65' title="bbox 1616 3377 2567 3449; baseline 0.005 -19"><span class='ocrx_word' id='word_1_357' title='bbox 1616 3377 1710 3445; x_wconf 84' lang='grc'><strong>39.</strong></span> <span class='ocrx_word' id='word_1_358' title='bbox 1738 3379 1977 3447; x_wconf 64' lang='lat' dir='ltr'><strong>Quamvis</strong></span> <span class='ocrx_word' id='word_1_359' title='bbox 2006 3377 2242 3430; x_wconf 72' lang='lat' dir='ltr'><strong>desubito.</strong></span> <span class='ocrx_word' id='word_1_360' title='bbox 2275 3379 2401 3449; x_wconf 77' lang='lat' dir='ltr'><strong>Ipso</strong></span> <span class='ocrx_word' id='word_1_361' title='bbox 2430 3394 2567 3434; x_wconf 80' lang='lat' dir='ltr'><strong>tem-</strong></span> 
     </span>
     <span class='ocr_line' id='line_1_66' title="bbox 1531 3455 2556 3528; baseline 0.006 -20"><span class='ocrx_word' id='word_1_362' title='bbox 1531 3457 1681 3526; x_wconf 73' lang='lat' dir='ltr'><strong>poris</strong></span> <span class='ocrx_word' id='word_1_363' title='bbox 1698 3467 1920 3528; x_wconf 80' lang='lat' dir='ltr'><strong>puncto.</strong></span> <span class='ocrx_word' id='word_1_364' title='bbox 1944 3455 2088 3510; x_wconf 84' lang='lat' dir='ltr'><strong>Vide</strong></span> <span class='ocrx_word' id='word_1_365' title='bbox 2105 3456 2270 3528; x_wconf 58' lang='lat' dir='ltr'><strong>sphi,</strong></span> <span class='ocrx_word' id='word_1_366' title='bbox 2295 3459 2353 3522; x_wconf 87' lang='grc' dir='ltr'><strong>Ι,</strong></span> <span class='ocrx_word' id='word_1_367' title='bbox 2382 3477 2435 3524; x_wconf 86' lang='lat'><strong>1,</strong></span> <span class='ocrx_word' id='word_1_368' title='bbox 2466 3479 2489 3512; x_wconf 90' lang='lat'>1</span> <span class='ocrx_word' id='word_1_369' title='bbox 2504 3463 2556 3514; x_wconf 80' lang='lat'><strong>3.</strong></span> 
     </span>
     <span class='ocr_line' id='line_1_67' title="bbox 1531 3534 2561 3604; baseline 0.005 -16"><span class='ocrx_word' id='word_1_370' title='bbox 1531 3534 1589 3588; x_wconf 89' lang='lat' dir='ltr'><strong>Si</strong></span> <span class='ocrx_word' id='word_1_371' title='bbox 1632 3535 1794 3589; x_wconf 73' lang='lat' dir='ltr'><strong>tantis</strong></span> <span class='ocrx_word' id='word_1_372' title='bbox 1840 3537 2119 3590; x_wconf 71' lang='lat' dir='ltr'><strong>haustibus</strong></span> <span class='ocrx_word' id='word_1_373' title='bbox 2155 3537 2561 3604; x_wconf 71' lang='lat' dir='ltr'><strong>combibamus,</strong></span> 
     </span>
     <span class='ocr_line' id='line_1_68' title="bbox 1529 3615 2569 3687; baseline 0.003 -19"><span class='ocrx_word' id='word_1_374' title='bbox 1529 3615 1710 3668; x_wconf 75' lang='lat' dir='ltr'><strong>statim</strong></span> <span class='ocrx_word' id='word_1_375' title='bbox 1730 3616 1804 3668; x_wconf 68' lang='lat' dir='ltr'><strong>ita</strong></span> <span class='ocrx_word' id='word_1_376' title='bbox 1826 3616 2012 3668; x_wconf 78' lang='lat' dir='ltr'><strong>vinum</strong></span> <span class='ocrx_word' id='word_1_377' title='bbox 2035 3616 2483 3687; x_wconf 69' lang='lat' dir='ltr'><strong>absorpscfimus,</strong></span> <span class='ocrx_word' id='word_1_378' title='bbox 2506 3631 2569 3671; x_wconf 92' lang='lat' dir='ltr'><strong>ut</strong></span> 
     </span>
     <span class='ocr_line' id='line_1_69' title="bbox 1529 3694 2569 3752; baseline 0.006 -6"><span class='ocrx_word' id='word_1_379' title='bbox 1529 3695 1746 3750; x_wconf 77' lang='lat' dir='ltr'><strong>inverso</strong></span> <span class='ocrx_word' id='word_1_380' title='bbox 1772 3694 1911 3749; x_wconf 60' lang='lat' dir='ltr'><strong>cado</strong></span> <span class='ocrx_word' id='word_1_381' title='bbox 1938 3695 2263 3750; x_wconf 71' lang='lat' dir='ltr'><strong>extrahenda</strong></span> <span class='ocrx_word' id='word_1_382' title='bbox 2289 3694 2361 3750; x_wconf 71' lang='lat' dir='ltr'><strong>ait</strong></span> <span class='ocrx_word' id='word_1_383' title='bbox 2374 3699 2569 3752; x_wconf 70' lang='lat' dir='ltr'><strong>ultime</strong></span> 
     </span>
     <span class='ocr_line' id='line_1_70' title="bbox 1529 3774 1908 3846; baseline 0.003 -18"><span class='ocrx_word' id='word_1_384' title='bbox 1529 3774 1755 3846; x_wconf 77' lang='lat' dir='ltr'><strong>guttula.</strong></span> <span class='ocrx_word' id='word_1_385' title='bbox 1774 3775 1844 3829; x_wconf 70' lang='lat' dir='ltr'><strong>N.</strong></span> <span class='ocrx_word' id='word_1_386' title='bbox 1902 3795 1908 3802; x_wconf 91' lang='grc'><em>·</em></span> 
     </span>
    </p>

    <p class='ocr_par' dir='ltr' id='par_1_21' title="bbox 1616 3855 2570 3928">
     <span class='ocr_line' id='line_1_71' title="bbox 1616 3855 2570 3928; baseline 0.004 -22"><span class='ocrx_word' id='word_1_387' title='bbox 1616 3855 1835 3918; x_wconf 72' lang='grc' dir='ltr'><strong>40.Νοη</strong></span> <span class='ocrx_word' id='word_1_388' title='bbox 1854 3857 2034 3907; x_wconf 75' lang='lat' dir='ltr'><strong>nocuit.</strong></span> <span class='ocrx_word' id='word_1_389' title='bbox 2056 3855 2401 3925; x_wconf 74' lang='lat' dir='ltr'><strong>Quamquam</strong></span> <span class='ocrx_word' id='word_1_390' title='bbox 2431 3873 2570 3928; x_wconf 65' lang='lat' dir='ltr'><strong>ogre</strong></span> 
     </span>
    </p>
   </div>
   <div class='ocr_carea' id='block_1_15' title="bbox 415 3931 2565 4008">
    <p class='ocr_par' dir='ltr' id='par_1_22' title="bbox 415 3931 2565 4008">
     <span class='ocr_line' id='line_1_72' title="bbox 415 3931 2565 4008; baseline 0 -19"><span class='ocrx_word' id='word_1_391' title='bbox 415 3937 542 3990; x_wconf 88' lang='lat' dir='ltr'><strong>Non</strong></span> <span class='ocrx_word' id='word_1_392' title='bbox 574 3937 729 3990; x_wconf 87' lang='lat' dir='ltr'><strong>decet</strong></span> <span class='ocrx_word' id='word_1_393' title='bbox 757 3953 934 4008; x_wconf 88' lang='lat' dir='ltr'><strong>neque</strong></span> <span class='ocrx_word' id='word_1_394' title='bbox 959 3951 1247 4006; x_wconf 76' lang='lat' dir='ltr'><strong>personam</strong></span> <span class='ocrx_word' id='word_1_395' title='bbox 1273 3951 1452 4005; x_wconf 83' lang='lat' dir='ltr'><strong>neque</strong></span> <span class='ocrx_word' id='word_1_396' title='bbox 1538 3931 1788 3986; x_wconf 75' lang='lat' dir='ltr'><strong>inductus</strong></span> <span class='ocrx_word' id='word_1_397' title='bbox 1842 3952 1901 3987; x_wconf 76' lang='lat' dir='ltr'><strong>es</strong></span> <span class='ocrx_word' id='word_1_398' title='bbox 1950 3946 2011 3986; x_wconf 86' lang='lat' dir='ltr'><strong>tu</strong></span> <span class='ocrx_word' id='word_1_399' title='bbox 2031 3969 2049 3996; x_wconf 86' lang='lat'>‚</span> <span class='ocrx_word' id='word_1_400' title='bbox 2091 3934 2322 4001; x_wconf 76' lang='lat' dir='ltr'><strong>tibicen,</strong></span> <span class='ocrx_word' id='word_1_401' title='bbox 2366 3935 2434 3988; x_wconf 80' lang='lat' dir='ltr'><strong>ad</strong></span> <span class='ocrx_word' id='word_1_402' title='bbox 2483 3937 2565 3989; x_wconf 86' lang='lat' dir='ltr'><strong>bi·</strong></span> 
     </span>
    </p>
   </div>
   <div class='ocr_carea' id='block_1_16' title="bbox 415 4013 1452 4086">
    <p class='ocr_par' dir='ltr' id='par_1_23' title="bbox 415 4013 1452 4086">
     <span class='ocr_line' id='line_1_73' title="bbox 415 4013 1452 4086; baseline -0.002 -18"><span class='ocrx_word' id='word_1_403' title='bbox 415 4015 662 4070; x_wconf 86' lang='lat' dir='ltr'><strong>ordinem</strong></span> <span class='ocrx_word' id='word_1_404' title='bbox 682 4028 836 4070; x_wconf 87' lang='lat' dir='ltr'><strong>tuum</strong></span> <span class='ocrx_word' id='word_1_405' title='bbox 853 4055 871 4083; x_wconf 87' lang='lat'>,</span> <span class='ocrx_word' id='word_1_406' title='bbox 914 4015 1009 4086; x_wconf 88' lang='lat' dir='ltr'><strong>qui</strong></span> <span class='ocrx_word' id='word_1_407' title='bbox 1032 4013 1228 4068; x_wconf 84' lang='lat' dir='ltr'><strong>tibicen</strong></span> <span class='ocrx_word' id='word_1_408' title='bbox 1249 4031 1307 4066; x_wconf 79' lang='lat' dir='ltr'><strong>es</strong></span> <span class='ocrx_word' id='word_1_409' title='bbox 1323 4051 1339 4080; x_wconf 89' lang='lat'>,</span> <span class='ocrx_word' id='word_1_410' title='bbox 1361 4031 1452 4082; x_wconf 81' lang='lat' dir='ltr'><strong>ge-</strong></span> 
     </span>
    </p>
   </div>
   <div class='ocr_carea' id='block_1_17' title="bbox 1540 4011 2575 4086">
    <p class='ocr_par' dir='ltr' id='par_1_24' title="bbox 1540 4011 2575 4086">
     <span class='ocr_line' id='line_1_74' title="bbox 1540 4011 2575 4086; baseline 0.006 -22"><span class='ocrx_word' id='word_1_411' title='bbox 1540 4011 1809 4078; x_wconf 66' lang='lat' dir='ltr'><strong>bendum,</strong></span> <span class='ocrx_word' id='word_1_412' title='bbox 1847 4031 1965 4066; x_wconf 86' lang='lat' dir='ltr'><strong>non</strong></span> <span class='ocrx_word' id='word_1_413' title='bbox 1996 4013 2095 4067; x_wconf 78' lang='lat' dir='ltr'><strong>tihi</strong></span> <span class='ocrx_word' id='word_1_414' title='bbox 2124 4033 2263 4086; x_wconf 68' lang='lat' dir='ltr'><strong>egre</strong></span> <span class='ocrx_word' id='word_1_415' title='bbox 2290 4027 2398 4081; x_wconf 73' lang='lat' dir='ltr'><strong>est,</strong></span> <span class='ocrx_word' id='word_1_416' title='bbox 2430 4029 2575 4086; x_wconf 69' lang='lat' dir='ltr'><strong>post-</strong></span> 
     </span>
    </p>
   </div>
   <div class='ocr_carea' id='block_1_18' title="bbox 419 4092 1937 4162">
    <p class='ocr_par' dir='ltr' id='par_1_25' title="bbox 419 4092 1937 4162">
     <span class='ocr_line' id='line_1_75' title="bbox 419 4092 1937 4162; baseline -0.001 -14"><span class='ocrx_word' id='word_1_417' title='bbox 419 4115 523 4150; x_wconf 77' lang='lat' dir='ltr'><strong>nus</strong></span> <span class='ocrx_word' id='word_1_418' title='bbox 578 4097 918 4152; x_wconf 70' lang='lat' dir='ltr'><strong>merobibum</strong></span> <span class='ocrx_word' id='word_1_419' title='bbox 971 4107 1026 4149; x_wconf 90' lang='lat' dir='ltr'><strong>et</strong></span> <span class='ocrx_word' id='word_1_420' title='bbox 1073 4093 1416 4147; x_wconf 85' lang='lat' dir='ltr'><strong>multibibum</strong></span> <span class='ocrx_word' id='word_1_421' title='bbox 1439 4131 1455 4162; x_wconf 87' lang='lat'>‚</span> <span class='ocrx_word' id='word_1_422' title='bbox 1546 4109 1709 4162; x_wconf 85' lang='lat' dir='ltr'><strong>quam</strong></span> <span class='ocrx_word' id='word_1_423' title='bbox 1735 4092 1937 4146; x_wconf 72' lang='lat' dir='ltr'><strong>bibisti.</strong></span> 
     </span>
    </p>
   </div>
   <div class='ocr_carea' id='block_1_19' title="bbox 2261 4181 2378 4252">
    <p class='ocr_par' dir='ltr' id='par_1_26' title="bbox 2261 4181 2378 4252">
     <span class='ocr_line' id='line_1_76' title="bbox 2261 4181 2378 4252; baseline 0.017 -2"><span class='ocrx_word' id='word_1_424' title='bbox 2261 4181 2378 4252; x_wconf 69' lang='lat'><strong>23„</strong></span> 
     </span>
    </p>
   </div>
  </div>
 </body>
</html>
