3067 5017
960 469 1298 539 ACTUS
1349 470 1422 554 Ι,
1465 469 1790 539 SCENA
1834 472 1939 537 ΙΙ.
2404 468 2497 543 25

351 592 537 684 Quid
554 593 678 665 tibi
691 592 914 687 opu'st
929 591 1207 661 vixisse?
1226 590 1528 660 ausculta
1546 591 1710 659 mihi
1732 591 1969 678 modo,
1982 616 2061 661 ac
2090 592 2389 687 supende
2404 608 2492 665 te.

351 727 611 775 M1LPH.
664 703 1009 798 Siquidem
1067 718 1138 771 tu
1195 727 1266 771 es
1320 727 1588 771 mecum
1639 702 1906 773 futurus
1952 728 2078 798 pro
2136 728 2267 774 uva
2303 730 2497 799 passa

525 856 533 865 ·
647 812 940 908 pensilis,

352 947 570 996 Aeon.
613 927 704 993 At
744 948 870 1019 ego
915 948 1068 992 amo
1110 922 1306 992 hane.
1359 946 1615 993 MILPH.
1662 927 1753 995 At
1800 948 1927 1019 ego
1962 950 2105 995 esse
2140 940 2213 995 et
2246 926 2499 997 bibere.

644 1059 950 1106 ADELPH.
987 1035 1136 1106 Eho
1169 1049 1282 1118 tu,
1318 1033 1483 1129 quid
1520 1033 1663 1103 ais?
1695 1058 1859 1104 Am.
1902 1035 2128 1124 Quid,
2167 1037 2407 1131 rogas?
2427 1071 2507 1098 ιοο

351 1116 661 1219 Anum.
699 1143 947 1216 Viden’
984 1160 1096 1230 tu,
1135 1142 1320 1239 pleni
1361 1143 1545 1215 oculi
1580 1143 1882 1213 sordium
1922 1146 2040 1239 qui
2079 1162 2314 1234 erant,
2358 1148 2533 1240 jam.

647 1252 1002 1351 splendent
1039 1256 1251 1324 mihi?

357 1390 522 1467 am.
585 1368 735 1436 Imo
810 1364 1012 1435 etiam
1088 1367 1162 1433 in
1235 1363 1462 1433 medio
1528 1362 1729 1433 oculo
1799 1363 2079 1459 paulum
2151 1366 2339 1436 sordi
2394 1367 2498 1437 ’st.

655 1498 967 1547 ADELPII.
1008 1475 1237 1562 Cedo,
1277 1476 1400 1560 εἰς,
1440 1473 1799 1543 dexteram.

359 1608 580 1657 aeon.
615 1588 712 1659 Ut
748 1600 824 1653 tu
860 1584 1132 1679 quidem
1171 1584 1376 1677 hujus
1406 1582 1641 1678 oculos
1668 1583 1897 1654 inlotis
1924 1586 2239 1677 manibus
2266 1600 2511 1657 tractes

655 1718 733 1764 ac
771 1694 997 1765 teras?

360 1828 526 1877 ΔΝΤ.
564 1804 790 1876 Nimia
825 1828 951 1875 nos
987 1803 1294 1875 socordia
1329 1803 1534 1875 hodie
1580 1804 1818 1874 tenuit.
1860 1828 2163 1876 Annum.
2225 1807 2383 1896 Qua
2428 1806 2514 1876 de
2571 1794 2576 1799 ⁸

656 1939 776 2002 re,
821 1914 1142 1985 obsecro?

367 2040 538 2097 Α’ΝΤ.
575 2026 757 2114 Quia
800 2026 939 2119 jam
980 2051 1120 2096 non
1167 2025 1426 2095 dudum
1463 2041 1620 2095 ante
1656 2024 1877 2095 lucem
1922 2026 2009 2096 ad
2046 2026 2256 2097 aedem
2296 2030 2520 2097 Vene-

660 2136 752 2204 ris
801 2136 1148 2223 venimus,
2444 2157 2520 2197 ωε

365 2248 605 2319 Primae
640 2261 720 2316 ut
752 2246 1211 2327 inferremus'
1194 2270 1418 2340 ignem
1459 2246 1530 2313 in
1568 2268 1777 2314 aram.
1828 2270 2141 2317 Annum.
2170 2243 2333 2317 Ah!
2378 2270 2519 2314 non

660 2356 873 2425 facto'
875 2370 936 2425 st
977 2381 1196 2450 opus,

370 2470 543 2557 Quae
591 2467 846 2535 habent
889 2481 1222 2535 nocturna
1267 2489 1420 2552 ora,
1471 2479 1679 2535 noctu
1732 2466 2203 2535 sacruficatum
2268 2468 2367 2535 ire
2410 2469 2524 2536 ob·

668 2590 965 2671 cupant:

361 2689 776 2783 ‘Priusquam
789 2692 1024 2759 Venus
1037 2685 1571 2781 expergiscatur,
1592 2686 1779 2779 prius
1808 2685 2265 2781 deproperant
2293 2688 2529 2757 sedulo

373 2798 843 2869 sacruficare:
883 2822 1039 2867 nam
1077 2795 1399 2893 vigilante
1437 2800 1701 2867 Venere
1738 2796 1793 2864 si
1832 2796 2107 2865 veniant
2142 2824 2266 2884 eae,

373 2913 480 2981 Ita
535 2924 696 2981 sunt
752 2910 1044 3003 turpeiS‚
1081 2907 1311 2995 credo,
1346 2922 1627 2993 ecastor,
1662 2908 2052 2976 Venerem
2014 2934 2248 3003 ipsam
2292 2937 2333 2979 e
2370 2911 2531 2981 fano

671 3019 929 3113 fugent.

462 3183 556 3234 99.
579 3165 683 3217 Pro
715 3184 808 3218 uva
827 3183 976 3235 passa
995 3163 1214 3233 pensilis.
1248 3162 1402 3217 Auu-
1491 3162 1993 3217 inauditusttaene
2012 3182 2203 3218 munus
2216 3163 2389 3235 digua
2408 3181 2533 3221 sunt

380 3245 461 3300 dit
487 3244 554 3299 ad
581 3262 740 3308 uvas,
764 3260 884 3315 quae
904 3263 1043 3314 saepe
1063 3241 1402 3315 suspendun·
1491 3258 1613 3314 quae
1646 3243 1793 3296 iuius
1820 3245 2009 3297 oculos
2031 3247 2400 3300 contrectent?
2428 3253 2497 3300 N.

381 3339 492 3390 tur,
521 3337 584 3378 ut
605 3342 772 3395 passae
793 3324 946 3377 fiant.
971 3326 1160 3377 Horat.
1188 3323 1295 3375 Sat.
1317 3323 1406 3387 11,
1584 3324 1712 3377 105.
1734 3325 1871 3377 Ante
1897 3324 2066 3377 lucem.
2092 3326 2165 3377 Et
2196 3324 2356 3395 officii
2376 3340 2430 3380 et
2448 3346 2556 3385 sm,

386 3422 455 3459 2:
495 3430 520 3453 α
547 3418 738 3458 ...tum
760 3403 978 3475 pensilis
1014 3422 1118 3457 uva
1146 3399 1421 3456 secundae
1496 3406 1571 3455 cn·
1592 3421 1747 3455 causa
1777 3416 1987 3458 mature
2016 3404 2383 3475 evigilandum
2406 3406 2528 3461 fuit.

382 3486 454 3539 Et
470 3476 596 3537 ’nux
633 3485 859 3537 ornabat
901 3502 1107 3537 menses
1137 3508 1187 3536 ι.
1219 3484 1406 3537 Tuan.
1508 3483 1745 3537 Canus.

383 3594 465 3609 —-
485 3564 573 3617 Sic
593 3576 786 3617 auctor
805 3564 989 3635 Priap.
1013 3587 1034 3609 κ
1053 3562 1189 3615 Uvis
1209 3560 1414 3615 aridior
1590 3582 1716 3632 107.
1730 3562 1986 3617 Nocturna
2008 3583 2113 3614 ora.
2143 3563 2331 3618 Malim
2357 3566 2535 3637 legere

385 3643 564 3714 puella
587 3644 748 3714 passis
767 3668 818 3697 a.
837 3645 906 3697 Et
937 3642 1112 3701 Groeci
1139 3642 1414 3695 hominem
1501 3644 1735 3695 mortuina
1764 3662 1883 3705 ora,
1925 3662 1955 3696 a
1986 3644 2207 3697 noctuis
2234 3646 2425 3699 avibus
2446 3642 2547 3701 de?

387 3740 674 3777 exsuccum
717 3719 947 3793 ἀςαφίὸα
981 3734 1194 3777 vocant.
1218 3721 1416 3777 Lucili.
1505 3722 1771 3777 formibus
1801 3735 1855 3775 et
1880 3723 2223 3793 inauspicatis
2250 3726 2321 3778 ita
2355 3728 2538 3799 appel·

382 3821 557 3873 passos
589 3821 721 3854 senes
757 3802 927 3873 dixit,
965 3803 1178 3857 Persius
1209 3806 1415 3871 apricos.
1505 3802 1642 3867 lata;
1680 3801 1957 3874 quomodo
1989 3804 2209 3857 Curcnl.
2248 3806 2309 3869 Ι,
2356 3813 2420 3870 4,
2448 3806 2499 3857 ·3
2520 3842 2535 3871 ‚

389 3884 1725 3937 Sou1e.noetuini
1760 3883 1890 3933 ocula·
1928 3881 2201 3939 dicuntur.
2246 3887 2536 3940 Boxuomc.

477 3981 608 4017 100.
632 3961 758 4013 Esse
789 3973 837 4012 et
867 3961 1026 4014 bibere
1051 3980 1193 4015 amo.
1197 3961 1425 4029 *Quid
1507 3994 1591 4007 ---
1616 3962 1901 4022 Nocturna,
1943 3964 1981 4017 i.
2004 3982 2052 4017 e.
2080 3982 2200 4035 qua
2231 3966 2425 4019 claram
2453 3969 2545 4019 lu·

391 4048 510 4095 ais?
531 4041 714 4094 Aulul.
748 4042 950 4109 1V,9,
981 4060 1035 4109 7.
1509 4060 1627 4097 cem
1672 4041 2027 4096 reformidant
2046 4082 2063 4109 ,
2102 4064 2212 4114 qua
2250 4046 2541 4117 turpitudo

478 4128 605 4187 104.
635 4122 704 4175 Ue
739 4133 824 4187 tu,
853 4132 956 4175 etc.
985 4118 1278 4191 Indignam
1309 4121 1422 4177 hnc
1510 4140 1605 4175 sua
1624 4122 1940 4176 illustretur.
1962 4124 2030 4176 N.

393 4198 525 4254 dicit
583 4201 891 4256 Antei-ostili
910 4239 926 4264 ,
983 4212 1036 4254 at
1089 4200 1308 4255 seorsim
1369 4213 1422 4255 et
1601 4220 1623 4255 1
1642 4220 1730 4255 ιο.
1756 4202 1851 4255 [τα.
1884 4203 2097 4275 Captiv.
2120 4204 2226 4271 111,
2249 4204 2303 4269 5,
2331 4210 2418 4259 16.
