3067 5017
661 481 803 566 514
1298 482 1401 550 Μ.
1451 481 1744 552 Accu
1796 481 2216 550 PLAUTI·

650 606 837 702 (nam
868 605 1237 674 Trinumus
1262 603 1404 698 jam
1443 602 1913 698 procedebat),
1942 601 2192 672 relictis
2228 606 2541 674 omnibus
2571 607 2807 695 rebus,

646 711 943 782 dieculas
974 711 1231 807 aliquot
1266 712 1425 781 huic
1455 737 1634 783 curae
1652 713 1956 807 impendi
1982 767 2002 801 ‚
2023 728 2090 782 et
2109 739 2312 808 opera
2339 715 2810 805 tumultuaria,

648 824 831 918 quod
866 823 1145 893 exhibeo
1166 875 1185 908 ,
1217 824 1643 892 concinnavi.
1672 826 1813 895 Nec
1850 823 1945 891 ita
1971 849 2079 892 me
2105 847 2296 908 amc,
2325 840 2439 893 aut
2467 826 2563 894 ita
2599 827 2669 894 in
2700 827 2810 896 his

644 933 814 1002 mihi
867 931 1135 1029 place0‚
1192 946 1268 1000 ut
1326 930 1606 1001 meliora
1661 957 1798 1001 non
1848 932 1993 1001 fieri
2046 933 2343 1028 potuisse
2404 950 2523 1003 aut
2571 961 2808 1029 posse,

642 1043 1067 1129 existimem3
1100 1041 1217 1111 sed
1268 1043 1397 1137 maj
1410 1067 1485 1112 us
1521 1057 1593 1111 et
1633 1043 1848 1112 otium
1895 1058 1963 1112 et
1993 1046 2315 1138 temporis
2354 1047 2648 1138 spatium
2691 1072 2802 1115 re-

638 1153 820 1248 quiri
850 1154 980 1222 aio.
1018 1157 1165 1221 Hoc
1200 1154 1457 1223 Catone
1491 1153 1727 1248 igitur,
1754 1152 1937 1248 quod
1964 1157 2308 1248 Augustus
2351 1155 2655 1244 dicebat,
2680 1181 2806 1251 pro

640 1281 943 1360 tempore
976 1263 1279 1332 contenti
1316 1263 1552 1332 simuS.
1583 1267 1871 1334 TAUBM.

737 1380 897 1445 Haec
938 1373 1396 1459 Taubmanni‚
1421 1389 1497 1442 ut
1533 1374 1630 1443 ait
1657 1375 1823 1470 ipse,
1857 1373 2302 1444 tumultuaria
2339 1376 2543 1446 modo
2589 1402 2812 1446 emen-

642 1490 980 1574 davimus,
1050 1501 1257 1582 prout
1323 1486 1727 1555 recentiores
1791 1482 2220 1580 philologicae
2287 1483 2457 1552 artis
2519 1484 2812 1556 cultores

642 1600 893 1672 auxilia
933 1597 1341 1696 praebebant.
1392 1599 1483 1669 N.

1270 1953 1624 2078 {QCHARI
1642 2003 1674 2036 ¹*
1726 2008 2171 2078 STUDIUM.

648 2177 873 2265 Quam
915 2197 1039 2267 ego
1086 2183 1272 2240 tanta
1316 2168 1682 2264 pauperavi
1727 2193 1849 2264 per
1899 2167 2134 2240 dolum
2172 2174 2476 2266 pecunia.

728 2375 755 2400 '
784 2375 994 2429 Acbari.
1022 2373 1189 2444 Vulg.
1220 2372 1358 2423 acan·
1384 2370 1539 2422 nullo
1564 2388 1684 2422 sen-
1771 2373 2020 2440 ingr-atum
2055 2373 2268 2448 studium
2291 2375 2500 2447 Amph.
2537 2375 2684 2430 Prol.
2711 2382 2808 2442 48.

652 2477 735 2512 ω.
772 2455 967 2510 Achati
998 2469 1233 2525 gracum
1270 2451 1438 2506 latino
1470 2449 1685 2504 admix-
1861 2470 1910 2504 ι.
1938 2453 2102 2521 Quam
2125 2473 2244 2523 ego,
2287 2468 2392 2510 etc.
2433 2473 2524 2527 ap.
2561 2457 2806 2510 Nonium

650 2550 771 2592 tum
812 2534 1048 2589 Plautini
1085 2533 1253 2586 moris
1292 2542 1387 2596 eet.
1435 2531 1558 2584 Hoc
1583 2529 1686 2584 erit
1776 2547 1909 2583 voce
1934 2538 2224 2604 pauper-avi.

1467 2717 1999 2789 AGROICUS*.

657 2897 871 2989 Quasi
912 2892 1113 2988 lupus
1154 2893 1241 2960 ab
1282 2890 1487 2959 armis
1527 2889 1755 2979 vale03
1795 2891 2048 2963 cluneis
2085 2897 2403 2967 infractos
2439 2924 2620 2993 gero,

747 3112 773 3135 *
803 3115 1065 3183 Agr-vicus.
1091 3095 1268 3179 Vulg.'
1292 3110 1533 3162 abmicus.
1565 3109 1698 3181 Legi
1875 3131 1927 3165 1.
1948 3113 2110 3181 Quasi
2127 3115 2282 3184 lupus,
2304 3128 2404 3169 etc.
2431 3118 2592 3172 Hunc
2605 3137 2818 3172 versum

668 3194 831 3249 debet
848 3193 1085 3268 ,ἄγροικος
1110 3211 1125 3253 ;
1175 3208 1301 3241 nam
1332 3190 1558 3260 ἄγροικος
1583 3203 1700 3243 erat
1789 3193 1954 3244 citant
1976 3193 2164 3246 Festus
2187 3207 2242 3247 et
2267 3195 2476 3249 Nonius
2502 3195 2576 3260 (v.
2600 3193 2779 3266 clunes)
2797 3222 2818 3264 ;

664 3275 806 3328 inter
830 3269 1118 3325 comoedias
1142 3269 1334 3321 Plauto
1370 3267 1698 3339 adscriptas,
1789 3270 1883 3324 sed
1909 3272 1998 3324 hic
2025 3293 2128 3344 pro
2160 3275 2394 3341 infractos
2415 3277 2580 3330 habet
2611 3279 2818 3332 desertos

668 3353 764 3409 ned
801 3371 932 3424 quas
959 3351 1010 3404 ei
1034 3347 1369 3421 abjudicaret
1396 3349 1575 3402 Varro
1595 3382 1612 3413 ,
1638 3361 1702 3403 ut
1789 3351 1872 3403 vel
1897 3352 2110 3419 desertos
2127 3391 2142 3419 ‚
2161 3353 2694 3427 depravata·leetione
2716 3379 2822 3431 pro

670 3435 821 3489 testie
848 3432 1090 3496 Gellius,
1114 3430 1229 3496 111,
1263 3428 1317 3480 3.
1343 3429 1596 3482 Vossms.
1788 3431 2018 3514 defectae.
2047 3433 2492 3499 Bora—Armis,
2523 3439 2777 3494 humeris.

1483 3611 1825 3680 ADDICT
1833 3615 1893 3682 U
1897 3615 1942 3681 S
1961 3614 2016 3681 ⁴².

672 3793 867 3884 Opus
904 3785 1120 3854 facere
1156 3784 1367 3852 nimio
1404 3808 1608 3878 quam
1652 3783 1945 3854 dormire
1983 3785 2248 3855 mavolo
2276 3813 2293 3856 ε

671 3904 1045 3970 Veternum
1086 3908 1337 3966 metuo,

750 4072 1039 4131 udaiaus.
1056 4078 1243 4147 Impar
1263 4072 1585 4128 resolvendo
1606 4075 1701 4126 aeri
1879 4094 1926 4128 1.
1957 4075 2095 4146 Opus
2112 4115 2129 4142 ,
2168 4090 2269 4130 etc.
2298 4077 2458 4132 Hunc
2481 4097 2617 4136 vers·
2641 4079 2826 4134 laudat

671 4160 844 4212 alieno
862 4158 977 4228 ipse
1002 4154 1254 4208 creditori
1292 4174 1320 4207 a
1352 4167 1584 4224 praetore
1604 4152 1702 4206 ad·
1792 4153 2060 4226 interpres
2116 4156 2318 4228 virgil.
2379 4157 2446 4211 ad
2509 4159 2707 4232 Geor-g.
2758 4162 2783 4212 1
2805 4200 2826 4225 ‚

668 4239 963 4294 dicebatur.
982 4233 1113 4288 Vid.
1140 4234 1283 4288 Gen.
1308 4235 1377 4288 N.
1398 4239 1461 4286 A.
1479 4235 1586 4286 XX
1593 4273 1607 4298 ,
1631 4251 1678 4286 ι.
1791 4253 1866 4286 ve.
1898 4254 1921 4287 1
1937 4242 2026 4297 ²4·
