3067 5017
937 470 1277 541 AcTth
1326 474 1394 557 1,
1434 472 1763 541 scENA
1811 473 1916 541 11.
2370 470 2554 543 123.

350 592 687 690 Xystyli5‚
721 590 833 663 fac
869 606 947 662 ut
980 594 1283 663 animum
1326 594 1670 680 advortas,
1715 595 1960 689 quojus
1987 609 2316 665 amatores
2340 596 2506 666 olivi

348 704 695 800 Dynamin
738 702 923 771 domi
966 702 1219 773 habent
1256 729 1665 775 maxumam.

348 816 425 885 Si
468 813 637 883 mihi
676 838 817 881 non
847 812 989 905 jam
1024 813 1159 883 huc
1198 812 1437 883 culleis
1468 813 1696 883 oleum
1730 812 2146 908 deportatur,

350 927 446 993 Te
465 924 683 1018 ipsam
711 919 926 990 culleo
960 946 1083 1015 ego
1112 948 1257 1020 cras
1277 924 1520 993 faciam
1551 938 1628 992 ut
1653 923 2010 1017 deportere
2037 926 2107 992 in
2134 924 2500 1020 pergulam.

353 1033 457 1102 Ibi
487 1032 612 1101 tibi
636 1030 805 1100 adeo
832 1030 1041 1101 lectus
1065 1032 1373 1121 dabitur,
1398 1034 1519 1103 uhi
1543 1049 1618 1103 tu
1642 1033 1825 1102 haud
1841 1059 2152 1103 somnum
2175 1036 2428 1130 capias,
2455 1058 2508 1097 ιο

348 1143 486 1211 Sed
520 1143 640 1211 ubi
683 1167 892 1236 usque
926 1142 1013 1211 ad
1055 1141 1527 1238 languorem...
1572 1160 1758 1213 tenes
1798 1169 2123 1239 quorsum
2171 1145 2312 1215 haec
2357 1161 2505 1215 ten-

648 1252 813 1320 dant
850 1276 998 1346 quae
1046 1251 1329 1349 loquor?

348 1366 497 1451 En,
537 1376 802 1431 excetra
848 1376 958 1449 tu,
994 1388 1143 1456 quae
1191 1364 1316 1433 tibi
1383 1364 1632 1433 amicos
1685 1377 1790 1433 tot
1841 1364 2073 1452 habes,
2111 1377 2246 1433 tam
2295 1364 2508 1460 probe

642 1470 793 1541 oleo
836 1487 1153 1560 onust03‚

343 1584 532 1652 Num
564 1581 909 1676 quoipiam
923 1579 1006 1653 ’st
1039 1582 1241 1652 hodie
1273 1597 1390 1653 tua
1431 1596 1706 1651 tuorum
1739 1607 1947 1677 opera
1981 1562 2458 1652 conservorum

345 1688 879 1761 Nitidiusculum
906 1708 1111 1786 caput
1135 1693 1165 1763 Ξ)
1188 1707 1305 1762 aut
1335 1718 1499 1763 num
1528 1695 1670 1787 ipse
1701 1693 2059 1789 pulmento
2083 1709 2243 1762 utor
2266 1696 2480 1789 magis

344 1799 843 1872 Unctiusculo?
894 1802 1009 1871 sed
1066 1804 1236 1891 scio,
1295 1818 1372 1872 tu
1430 1802 1656 1873 oleum
1723 1804 1906 1873 haud
1963 1806 2192 1900 magni
2234 1805 2511 1900 pendis»,

645 1935 806 1981 vino
853 1928 918 1981 te
1448 1950 1453 1955 ·
2455 1936 2505 1977 ss

346 2022 669 2091 Devineis
701 2048 717 2090 ε
756 2022 899 2091 sine
936 2022 1137 2092 modo
1175 2049 1211 2107 z,
1233 2023 1721 2118 reprehendam
1761 2048 1888 2118 ego
1925 2037 2172 2092 cuneta
2197 2077 2216 2111 ‚
2248 2022 2506 2111 hercle,

644 2157 781 2201 una
824 2158 1072 2228 opera,
1114 2134 1247 2202 nisi

345 2241 642 2333 Quidem
686 2242 887 2312 hodie
924 2259 1001 2313 tu
1039 2244 1269 2314 omnia
1306 2240 1505 2331 faciS,
1545 2241 1851 2331 scelesta,
1889 2243 2032 2311 haee
2067 2241 2171 2311 uti
2215 2240 2478 2335 loquor.

346 2355 457 2421 Tu
490 2367 753 2439 autem,
788 2376 935 2446 quae
988 2378 1118 2447 pro
1162 2354 1382 2446 capite
1426 2366 1779 2447 argentum
1831 2352 2000 2420 mihi
2043 2352 2185 2447 jam
2231 2350 2503 2446 jamque

640 2488 812 2558 saepe
857 2489 1167 2533 numeras
1182 2517 1201 2551 ,

427 2638 525 2691 77.
558 2621 830 2691 Dynamin.
868 2620 1117 2675 Graecum
1156 2639 1261 2691 pro
1302 2622 1378 2673 la-

346 2700 467 2753 tino
495 2702 615 2751 vim.
838 2725 844 2735 ·

431 2782 526 2851 78.
560 2780 764 2833 Cullet's.
808 2780 1059 2833 Culleum
1076 2819 1094 2845 ‚
1142 2778 1379 2835 maxima

346 2858 682 2930 liquidorum
744 2878 1027 2926 mensura,
1089 2880 1117 2913 α
1180 2860 1377 2913 hectol.

354 2942 427 3002 64
461 2938 542 2991 lit.
587 2940 726 2992 Dein
769 2938 1098 3011 amphibolia
1130 2939 1253 2991 leno
1291 2957 1379 2992 ca-

348 3018 589 3083 villatur,
616 3036 741 3071 nam
764 3021 969 3072 culleus
994 3031 1106 3071 erat
1129 3019 1381 3089 supplicii

354 3116 554 3167 genus,
591 3098 831 3152 nobilius
868 3097 1089 3170 quidem
1128 3116 1289 3169 quam
1320 3112 1382 3151 ut

354 3177 509 3248 quale
537 3178 701 3230 fuerit
729 3197 994 3231 enarrem.
1019 3179 1087 3231 N.

436 3274 533 3327 79.
562 3258 848 3327 Per-gulam.
874 3258 1038 3311 Cellae
1061 3270 1215 3310 erant
1234 3296 1251 3323 ,
1282 3258 1380 3311 ubi

356 3354 443 3389 res
482 3338 693 3390 venales
736 3350 1208 3409 proponerentur,
1255 3354 1379 3407 qua

358 3414 673 3469 dicebantur
701 3419 955 3490 pergula.
992 3417 1375 3471 Sam—Per·

360 3494 495 3565 gnlae
534 3510 690 3550 erant
726 3499 887 3550 etiam
930 3497 1075 3549 cella
1116 3498 1173 3549 in
1212 3495 1377 3549 domo

358 3574 596 3641 lenonis,
636 3577 693 3629 in
731 3577 1007 3649 lupanari,
1038 3574 1169 3646 qu‘as
1206 3569 1379 3629 mere'-

390 3655 515 3708 *ices
535 3656 807 3710 habebant
834 3674 1059 3728 qumque
1082 3674 1253 3721 suam,
1279 3656 1379 3709 sub

366 3766 376 3785 .
426 3734 537 3790 ulo.
560 3734 691 3789 Vid.
713 3754 796 3790 vs.
818 3754 890 3805 9²
918 3748 971 3789 et
987 3754 1059 3789 sc.
1082 3754 1198 3807 seq.
1220 3754 1297 3789 vs.
1324 3756 1375 3789 α.

402 3856 409 3861 .
458 3817 535 3867 lt.
571 3816 669 3868 Ubi
692 3835 837 3887 usque
863 3816 934 3867 ad
958 3816 1091 3885 long.
1128 3815 1275 3880 Quid
1309 3816 1380 3867 si-

360 3912 427 3964 gn
468 3895 617 3947 icant
658 3896 775 3948 haee
810 3897 1015 3949 verba?
1066 3896 1374 3949 obscoenum

362 3973 598 4045 aliquid,
627 3988 690 4028 ut
714 3973 851 4028 illud
875 3975 1174 4041 summus,
1222 4001 1245 4022 ι
1276 3970 1379 4028 las-

362 4065 467 4105 sata
498 4054 629 4107 viris
648 4080 671 4103 ιι
698 4060 725 4106 P
752 4056 873 4107 Imo
911 4055 1084 4125 virgas
1124 4055 1381 4109 vimineas

361 4132 558 4203 Xystili
608 4154 761 4188 nunc
808 4134 1085 4197 minatur,
1142 4147 1201 4188 ut
1252 4152 1381 4188 mox

361 4211 653 4269 Phoenieioss
676 4212 823 4268 Vide
845 4214 997 4268 Asin.
1022 4216 1105 4268 111
1121 4255 1137 4282 ,
1176 4235 1203 4266 α
1228 4255 1243 4281 ,
1280 4216 1381 4279 28,

1480 2647 1504 2669 e
1525 2619 1620 2671 ubi
1673 2617 1742 2673 ad
1795 2620 2116 2690 languorem
2165 2632 2253 2673 tua
2305 2618 2507 2673 duritia

1474 2698 1690 2753 dederis
1707 2712 1829 2753 octo
1841 2698 2066 2751 Validos
2081 2699 2296 2752 lictores
2314 2701 2506 2753 ulmeis

1478 2778 1718 2833 adfectos
1762 2779 1920 2832 lentis
1954 2778 2116 2849 virgis
2142 2804 2193 2830 n.
2220 2808 2303 2821 --·
2332 2782 2503 2833 Tenes.

1477 2860 1676 2928 Amph.
1705 2859 1852 2911 Prol.
1885 2858 1976 2913 58.
2005 2859 2074 2911 N.

1562 2940 1648 2991 82.
1676 2940 1890 2990 Excetra
1914 2952 1984 2991 tu.
2009 2937 2186 2991 Casin.
2207 2938 2310 3005 III,
2333 2936 2384 2997 5,
2413 2956 2506 3007 19.

1561 3020 1658 3081 84.
1709 3018 2088 3071 Nitidiusculum
2139 3030 2302 3087 caput.
2341 3018 2507 3070 Maxi·

1477 3116 1600 3149 mus
1621 3098 1726 3151 olei
1750 3116 1880 3151 usus
1903 3096 2168 3169 ungendis
2190 3098 2510 3168 corporibus

1480 3191 1533 3230 et
1557 3178 1784 3247 capillis.
1805 3179 1858 3229 N
1863 3178 2238 3229 .-Pulmento
2267 3190 2377 3229 utor
2401 3196 2507 3228 ma·

1476 3261 1558 3327 3⁸⁰³
1584 3258 1912 3321 unctiuseulo,
1940 3256 1998 3309 id
2026 3270 2104 3309 est
2127 3296 2142 3321 ,
2186 3257 2380 3309 lautius
2403 3274 2507 3308 eoe-
2567 3286 2580 3296 ·

1476 3354 1586 3402 nog
1609 3337 1697 3389 eui
1717 3337 2045 3389 contrarium
2067 3334 2209 3406 apud
2232 3336 2470 3389 Persium
2491 3354 2506 3389 :

1480 3412 1684 3468 Coenare
1713 3421 1817 3468 sine
1842 3430 2003 3472 uncto.
2029 3415 2209 3479 Idem,
2249 3415 2360 3468 Sat.
2383 3412 2470 3469 111
2486 3454 2502 3480 ,

1473 3495 1702 3566 loquens
1737 3496 1805 3549 de
1839 3496 2151 3560 luxuriosis,
2182 3495 2384 3567 quibus
2420 3496 2504 3547 in·

1474 3576 1828 3646 temperantia
1857 3577 2078 3629 morbos
2107 3584 2162 3627 et
2197 3575 2502 3647 ambiguam

1474 3654 1858 3708 valetudinem·
1891 3656 2052 3709 affert
2083 3674 2098 3705 t
2143 3679 2167 3701 ι
2191 3654 2371 3709 Uneta
2415 3674 2504 3707 ea-

1474 3732 1614 3787 dunt
1639 3736 1769 3789 laxis
1791 3747 1879 3787 tua
1900 3734 2258 3805 pulmentaria
2275 3734 2473 3788 labris·
2489 3775 2504 3790 .

1474 3813 1757 3868 Gnorrovf
2199 3848 2204 3853 -

1559 3898 1658 3950 86.
1684 3893 1800 3946 Sine
1827 3893 1984 3947 modo.
2014 3894 2174 3947 Cure.
2195 3894 2274 3958 V,
2311 3912 2338 3945 2
2361 3930 2379 3955 .‚
2411 3893 2500 3947 55.

1477 4006 1558 4018 —-
1589 3974 1948 4045 Repu-eluendam
1964 4014 1980 4037 ,
2035 3994 2218 4047 poenas
2261 3986 2501 4045 repetam

1478 4071 1580 4125 pro
1607 4052 1904 4125 prata-itis.

1520 4142 1527 4147 '
1563 4135 1658 4189 88.
1673 4134 1934 4199 Numer-as,
1950 4134 2128 4188 verbis
2147 4132 2385 4205 quidem,
2395 4150 2506 4184 non

1478 4231 1570 4279 re,
1594 4226 1654 4267 ut
1675 4214 1850 4283 palam
1881 4213 1942 4267 fit
1975 4234 2053 4269 vs.
2075 4232 2184 4285 seq.
