3067 5017
618 406 761 484 506
907 401 1725 493 TRUGUL'ENTUS,
1777 409 1994 476 ACT.
2047 407 2174 490 IV,
2219 405 2359 475 SC.
2410 409 2541 478 IV.

612 531 764 606 miv.
790 536 1069 634 Faetum
1092 532 1291 626 cupio
1308 556 1331 600 z
1357 525 1513 600 uam
1534 555 1610 598 re
1632 529 1849 600 facere
1865 584 1884 616 ‚
1917 531 1970 597 si
1993 526 2191 596 velim
2207 584 2226 615 ‚
2262 555 2397 596 non
2423 545 2523 598 est
2547 529 2759 603 locuS.

610 644 811 712 Nunc
828 667 1040 736 puero
1054 655 1242 709 utere
1260 656 1354 726 ‚et
1378 665 1668 735 procura
1685 666 1704 726 ;
1721 640 1878 732 quia
1898 637 2078 708 unde
2095 639 2435 732 procures,
2453 639 2676 710 habes,
2711 663 2762 704 ις

610 775 778 822 PER.
806 748 1102 824 Multum
1129 750 1367 824 amabo
1393 765 1459 818 te
1486 750 1574 819 oh
1608 751 1802 820 istam
1830 773 1996 836 rem,
2022 765 2354 818 mecastor
2384 777 2398 818 ε
2427 751 2544 819 ubi
2575 752 2760 821 domi
2841 757 2848 761 ’

886 851 1163 928 'metues
1206 859 1491 943 malum,

616 970 860 1064 Fugito
880 970 1025 1042 -huc
1062 970 1146 1041 ad
1178 996 1319 1054 me3
1349 969 1590 1048 saltem
1619 971 1872 1038 amicus
1899 968 2064 1038 mihi
2101 984 2244 1038 esto
2271 971 2757 1042 manubiarius.

614 1103 766 1149 DIN.
798 1083 977 1148 Bene
1015 1077 1197 1169 vale,
1231 1081 1704 1152 Phronesium.
1735 1103 1898 1150 PHR.
1935 1081 2082 1146 Jam
2116 1105 2224 1147 me
2259 1096 2452 1148 tuum
2489 1079 2762 1150 oculum

904 1185 1044 1260 nori
1084 1190 1332 1260 vocas?

612 1322 763 1372 Dm.
803 1299 883 1371 Id
920 1325 1193 1394 quoque
1228 1302 1495 1372 interim
1533 1299 1800 1371 futatim
1845 1323 2092 1370 nomen
2123 1299 2776 1374 conmemorabitur..

616 1432 779 1478 Pan.
810 1409 1156 1504 Numquid
1192 1411 1341 1480 vis?
1366 1435 1516 1481 nm.
1554 1415 1683 1479 Fac
1708 1409 1924 1478 valeas
1953 1435 1969 1477 ε
2008 1434 2228 1505 operae
2259 1409 2372 1480 ubi
2404 1409 2573 1477 mihi
2601 1411 2767 1495 erit,

910 1518 997 1588 ad
1042 1534 1109 1588 te
1146 1545 1414 1590 venero,
1919 1545 1926 1550 ,
2712 1539 2768 1579 30

614 1627 903 1698 PHRJlle
922 1628 1191 1720 quidem
1207 1628 1879 1716 hincabiit‚abscessit
1893 1654 1912 1716 3
1925 1629 2145 1697 dicere
2161 1628 2307 1697 heic
2317 1628 2763 1722 quidvislicet.

614 1741 872 1814 Verum
908 1754 1010 1810 est
1036 1739 1313 1809 verbum
1335 1791 1354 1824 ,
1387 1740 1572 1835 quod
1607 1755 2019 1808 memoratur
2048 1765 2064 1807 ε
2109 1738 2226 1807 ubi
2257 1739 2485 1822 amici,
2512 1739 2768 1807 ibidem

914 1873 1093 1941 opes·

618 1960 903 2051 Propter
935 1958 1118 2026 hune
1152 1983 1303 2052 spes
1340 1959 1540 2029 etiam
1575 1976 1676 2029 est
1703 1960 1906 2028 hodie
1939 1957 2218 2056 [tactum
2249 1956 2717 2056 iri]·mi1item;

616 2069 840 2156 Quem
876 2093 1037 2163 eg0‚
1074 2084 1371 2156 ecastor,
1410 2095 1608 2165 mage
1639 2095 1793 2140 amo
1832 2093 2036 2165 quam
2072 2065 2209 2157 me,
2238 2068 2400 2138 dum
2441 2069 2545 2157 id,
2580 2068 2770 2162 quod

913 2179 1155 2272 ⁴nupia,
1196 2179 1353 2248 inde
1391 2181 1645 2249 aufem.
2293 2197 2302 2207 ‘

620 2287 793 2375 Quae
833 2313 1039 2382 quom
1084 2287 1372 2360 multum
1414 2290 1843 2375 abstulimus,
1891 2289 2073 2358 haud
2115 2285 2403 2358 multum
2451 2285 2768 2382 adparet,

911 2399 1092 2490 quod
1140 2400 1370 2469 datum
1411 2417 1528 2470 est.
2211 2464 2218 2471 .

618 2509 723 2577 Ita
766 2522 923 2576 sunt
962 2508 1189 2602 gloriae
1232 2513 1683 2582 meretricum.
1729 2535 1883 2584 As‘r.
1925 2509 2118 2596 Aha,
2155 2506 2324 2578 tace!
2363 2533 2530 2582 Pan.
2576 2507 2768 2598 Quid

911 2633 1041 2703 est,
1081 2621 1407 2688 obsecro?

619 2749 769 2802 ΛΒΤ.
799 2727 1007 2800 Adest
1035 2732 1319 2822 pueri....
1353 2755 1517 2801 PER.
1551 2733 1709 2804 Sine
1737 2757 1891 2803 eum
1919 2734 2138 2827 ipsum
2169 2732 2351 2800 adire
2378 2732 2550 2816 huc;
2587 2731 2769 2816 sine,

914 2839 968 2906 si
1009 2840 1061 2906 is
1100 2855 1199 2907 est
1242 2841 1465 2910 modo.
1795 2838 1800 2842 ⁴

620 2947 778 3017 Sine
804 2949 956 3018 eum
978 2935 1199 3041 ipsum
1219 2949 1425 3034 adire,
1444 2954 1736 3046 ut-cupit
1751 3005 1766 3034 ,
1785 2953 1876 3046 ad‘
1897 2977 2004 3019 me
2025 2953 2152 3020 hao
2171 2965 2349 3019 reeta
2372 2976 2388 3018 τ
2415 2950 2468 3018 si
2487 2950 2770 3034 venerit,

620 3059 743 3130 Nae
775 3059 1009 3144 istum,
1047 3074 1327 3145 ecastor,
1358 3061 1558 3130 hodie
1589 3065 1824 3132 astutis
1855 3063 2190 3139 eonfexim
2221 3060 2519 3129 fallaciis,
2558 3087 2568 3096 ·

704 3211 797 3269 ²4·
826 3205 899 3258 Re
926 3207 1111 3273 facere.
1138 3205 1349 3260 'Volunt
1386 3210 1644 3279 seriptum
1822 3211 1912 3262 32.
1945 3211 2093 3280 Opes.
2127 3209 2389 3279 Vulgata,
2422 3213 2567 3278 o'pus,
2607 3226 2771 3278 quam

622 3303 723 3356 pro
756 3289 827 3336 rei
845 3326 861 3351 ‚
886 3287 923 3338 i.
957 3306 1003 3339 e.
1028 3285 1095 3341 ad
1121 3305 1252 3338 rem.
1279 3287 1462 3340 Malim
1486 3308 1546 3339 ne
1560 3290 1648 3357 sa·
1733 3290 2189 3362 interpretantur,
2238 3316 2260 3336 ι
2285 3289 2377 3356 uhi
2417 3289 2645 3339 amicum
2673 3287 2772 3338 ha-

620 3385 749 3429 cere,
776 3384 888 3418 non
916 3366 1091 3417 facere
1118 3365 1263 3437 quod
1293 3368 1548 3436 postulas.
1572 3369 1643 3422 N.
1734 3372 1859 3423 beas
1877 3409 1892 3433 ‚
1923 3370 2116 3421 habeas
2150 3369 2386 3420 laborem
2410 3393 2458 3419 ι.
2498 3365 2600 3418 Sed
2642 3367 2774 3418 alte·

708 3461 797 3515 ²7·
827 3445 1197 3504 Manubiarius,
1236 3447 1357 3518 quia
1392 3465 1536 3512 mm,
1585 3459 1650 3500 ut
1736 3469 1848 3502 ram
1885 3449 2201 3506 lectionem,
2240 3465 2398 3518 quam
2435 3446 2772 3518 recepimuS,

618 3521 686 3576 de
725 3525 894 3579 milite
934 3527 1213 3578 manubias
1246 3526 1439 3590 ferret,
1494 3526 1647 3598 adju·
1737 3530 2002 3600 sequentia
2031 3525 2413 3598 comprobarit.
2435 3525 2507 3580 N.

617 3604 792 3666 verit,
843 3605 928 3656 vel
978 3607 1104 3674 quia
1150 3605 1265 3676 ipse
1308 3605 1381 3658 de
1421 3625 1475 3658 se
1516 3607 1646 3662 huie
1819 3610 1911 3676 33.
1963 3609 2172 3678 Propter
2216 3607 2368 3669 hunc,
2432 3617 2539 3658 etc.
2593 3606 2771 3661 Locus

614 3684 1219 3759 manubias'reliquerit.
1735 3687 1874 3742 foede
1925 3687 2276 3760 depravatus,
2337 3703 2501 3756 quem
2543 3685 2773 3737 Bothius

702 3765 795 3817 28.
825 3765 874 3816 T
870 3784 981 3816 uum
1012 3766 1216 3818 oculum.
1240 3767 1398 3820 Conf.
1424 3768 1643 3820 Curcul.
1735 3768 2010 3838 ingeniose
2060 3765 2288 3820 refinxit.
2319 3766 2530 3834 Vulgo,
2596 3793 2620 3811 «ι
2650 3783 2771 3833 spes

532 3886 541 3890 -
614 3843 673 3907 I,
700 3843 767 3906 3⁶,
800 3850 891 3914 47-
1737 3849 1894 3900 etiam
1923 3867 1978 3900 se
2007 3845 2170 3900 hodie
2189 3839 2214 3864 '¹
2235 3847 2283 3898 ri
2309 3845 2535 3897 militem
2561 3870 2608 3896 a.
2641 3843 2714 3897 N.

704 3921 794 3974 30.
824 3924 1079 3994 Numquid
1106 3919 1231 3976 vis?
1264 3925 1445 3980 Aulul.
1478 3927 1563 3993 ΙΙ,
1595 3945 1645 3992 1,
1818 3927 1912 3992 34.
1963 3928 2115 3996 Quem
2167 3945 2256 3996 ego
2279 3965 2293 3991 ,
2355 3937 2558 3977 ecastor.
2615 3923 2770 3995 Mage

622 4002 715 4056 ⁵3.
743 4031 825 4044 -—
851 4003 1031 4073 Operoe
1060 4005 1143 4057 ubi
1171 4007 1291 4058 mihi
1319 4012 1427 4058 erit.
1462 4006 1645 4060 Casin.
1734 4026 1885 4070 ame,
1911 4007 1946 4058 i.
1977 4026 2024 4058 e.
2055 4006 2220 4078 magis
2244 4025 2329 4059 me
2352 4023 2532 4058 amare
2552 4002 2767 4056 simule.

611 4083 685 4148 V..
720 4099 749 4134 ²
772 4112 789 4142 ‚
818 4081 867 4134 ⁵·
1821 4087 1913 4156 37.
1943 4087 2104 4145 Pueri,
2136 4098 2288 4162 pater
2309 4086 2402 4157 qui
2425 4084 2522 4138 tibi
2545 4081 2763 4140 dicitur.

1241 4217 2140 4249 w
