3067 5017
853 425 1196 497 AcTth
1243 424 1342 507 V,
1392 424 1735 499 scENA
1785 427 1886 495 11.
2312 452 2447 525 ¹99

301 559 730 645 Consequere
761 550 907 621 hac.
949 570 1096 621 suu.
1129 549 1278 643 Ego
1309 547 1510 620 istum
1550 548 1875 621 onerem?
1908 570 2156 622 pawn.
2188 555 2447 622 Onera-

590 662 726 747 bis,
752 659 912 739 scio.
942 682 1090 727 sm.
1119 656 1308 747 Quid
1335 680 1464 751 ego
1485 656 1647 731 huic
1674 657 1937 729 homini
1964 657 2250 731 faciam?

297 771 507 845 Satiu’
531 770 714 843 ultro
739 783 808 841 et
839 782 1195 862 argentum
1227 766 1481 853 aufert,
1503 781 1574 838 et
1598 792 1705 840 me
1734 768 2037 841 inridet?
2062 792 2305 843 Psrun.
2330 775 2449 842 Vae
2556 800 2565 807 ·

592 876 820 949 victis!
857 901 1001 949 sm.
1045 880 1263 949 Vorte
1295 902 1460 971 ergo
1493 877 1875 951 humerum.

297 988 506 1061 Hem!
539 1014 746 1061 nu..
771 992 920 1061 Hoc
945 1012 1078 1081 ego
1103 1011 1452 1083 uunquam
1485 1002 1675 1061 ratus
1698 1012 1847 1061 sum
1876 987 2059 1073 fore,
2084 1016 2195 1061 me
2224 1006 2303 1062 ut
2326 991 2452 1061 tibi

591 1099 820 1167 fierem
859 1095 1158 1191 subplex.

297 1215 450 1281 Heu
491 1210 630 1281 heu
676 1204 860 1283 heu!
897 1228 1142 1281 rsnun.
1183 1207 1461 1279 Desino.
1512 1230 1719 1281 nu„
1778 1206 2021 1281 Doleo.
2072 1232 2319 1284 mun.
2359 1212 2454 1284 Ni

590 1317 849 1388 doleres
887 1332 962 1387 tu
980 1370 1000 1402 ‚
1046 1341 1176 1411 ego
1215 1314 1535 1386 dolerem.

299 1454 494 1500 ΒΑΗ..
562 1428 750 1519 Quid
792 1428 983 1497 hoc?
1031 1426 1413 1512 auferrem,
1466 1422 1841 1513 Pseudole‚
1902 1427 2024 1496 abs
2066 1442 2185 1497 tuo
2232 1416 2456 1499 hero?

590 1564 834 1609 Psnun.
876 1537 1395 1607 Lubentissumo
1437 1536 1642 1605 corde
1686 1550 1889 1630 atque
1932 1538 2181 1607 animo,

296 1675 493 1721 ΒΑΗ..
542 1652 700 1722 Non
733 1648 940 1718 audes
963 1701 983 1736 ‚
1017 1672 1280 1742 quaeso,
1317 1645 1615 1741 aliquam
1656 1663 1917 1741 partem
1956 1648 2121 1717 mihi
2165 1649 2450 1743 gratiam

589 1757 805 1827 facere
840 1758 1000 1826 hinc
1034 1756 1343 1851 argenti?

295 1893 544 1939 psam).
598 1868 864 1954 Gnovi,
909 1892 1018 1935 me
1062 1865 1240 1935 dices
1288 1864 1560 1934 avidum
1610 1890 1751 1935 esse
1810 1891 1826 1935 :
1869 1890 2026 1935 nam
2074 1867 2236 1938 hinc
2271 1894 2449 1938 nun-

587 2002 793 2072 quam
829 1977 961 2046 eris
1005 2001 1216 2045 numo
1253 1974 1554 2044 divitior.

293 2092 530 2184 Neque
583 2102 652 2157 te
692 2088 824 2156 mei
867 2087 1042 2181 tergi
1101 2086 1443 2155 misereret
1462 2137 1483 2170 ‚
1535 2084 1589 2152 si
1647 2084 1778 2154 hoc
1824 2110 1963 2155 non
2024 2086 2227 2155 hodie
2278 2086 2449 2157 ecfe-

585 2198 841 2267 cissem.

293 2334 490 2379 mm..
524 2310 675 2377 Erit
703 2308 818 2377 ubi
847 2322 915 2375 te
944 2304 1250 2391 ulciscar,
1280 2304 1337 2373 si
1366 2303 1542 2373 vivo.
1586 2326 1834 2375 Psssun.
1877 2303 2065 2393 Quid
2092 2304 2449 2377 minitare?

586 2418 803 2487 habeo
848 2431 1136 2511 tergum.
2387 2433 2440 2471 2⁶

292 2554 490 2600 nau..
529 2532 676 2623 Age
713 2553 894 2597 sane.
928 2548 1175 2597 PsEtJD.
1206 2491 1431 2617 Igitur
1467 2522 1639 2591 redi.
1674 2546 1871 2593 BALL.
1902 2523 2090 2613 Quid
2126 2524 2389 2593 redeam
2417 2525 2447 2594 ἱ)

583 2662 830 2709 Psnun.
863 2636 1038 2707 Redi
1080 2631 1327 2716 mod0‚
1368 2656 1508 2720 non
1548 2632 1681 2701 eris
1727 2631 2063 2727 deceptus.

291 2774 491 2820 mu..
514 2748 768 2818 Redeo.
799 2772 1046 2819 Psnun.
1079 2742 1296 2817 Simul
1324 2766 1590 2810 mecum
1621 2757 1954 2837 potatum.
1978 2768 2182 2814 mu..
2211 2746 2447 2841 Egone

581 2858 774 2927 eam?
814 2880 1055 2928 psum).
1094 2858 1230 2926 Fac
1263 2850 1448 2946 quod
1487 2865 1556 2920 te
1582 2852 1815 2945 jubeo.

197 3040 207 3059 ¹
288 2969 359 3039 Si
409 2969 499 3055 is,
553 2983 673 3037 aut
718 2967 1112 3050 dimidium,
1155 2977 1274 3032 aut
1313 2960 1466 3056 plus
1491 2963 1745 3056 tetiam,
1797 2963 1993 3048 faxo,
2036 2963 2198 3034 hinc
2241 2965 2436 3034 feres.

581 3102 783 3148 mu..
817 3080 953 3165 Eo,
1000 3075 1133 3145 duc
1167 3097 1276 3141 me
1300 3096 1439 3165 quo
1480 3072 1602 3143 vis.
1640 3097 1891 3171 psum).
1933 3073 2124 3162 Quid
2166 3076 2393 3144 nunc?

287 3286 393 3345 Εἶτ’
417 3278 581 3363 ἄνδρα.
600 3299 698 3345 τῶν
723 3292 874 3345 αὑτοῦ
898 3292 947 3345 τί
963 3291 1055 3362 χρὴ
1074 3289 1326 3362 apetium

288 3372 457 3444 Soph.
488 3372 629 3424 Phil.
658 3390 739 3425 vs.
768 3372 878 3425 3ο.
923 3372 1070 3425 canu
1100 3375 1214 3441 μα’
1241 3368 1326 3421 ἀν-

285 3446 402 3522 δρὸς
431 3448 584 3504 τοῦδε
620 3447 774 3509 τῆσδ’
798 3454 992 3505 ἐκπλεῖν
1017 3451 1201 3518 χθονός.
1237 3446 1322 3501 Id.

287 3530 783 3585 Trach.vs.1138
817 3530 909 3584 ed.
939 3530 1099 3584 Both.
1137 3524 1321 3599 wad*-

287 3607 464 3681 τάνδρὶ
523 3612 810 3682 σύμμαχον.
881 3611 1041 3665 Conf.
1113 3607 1318 3663 Herod.

287 3691 352 3756 1,
414 3692 541 3745 108.
591 3690 806 3761 viginti
859 3690 990 3745 item
1052 3689 1211 3743 minu
1260 3688 1320 3741 in

289 3770 430 3823 collo
443 3770 862 3835 feruntur,Asin.
872 3770 976 3835 ΠΙ,
991 3766 1022 3821 3
1030 3806 1046 3833 ,
1057 3772 1090 3823 6
1098 3766 1321 3840 7.Qnod

287 3861 466 3904 antem
486 3868 669 3903 servus
689 3850 760 3902 ab
785 3850 920 3903 hero
941 3848 1045 3902 sibi
1064 3848 1320 3902 collocari

287 3928 447 3999 plane
498 3928 558 3981 in
611 3928 760 3982 collo
796 3927 1111 4000 pecuniam,
1157 3946 1318 3999 quam

289 4007 468 4075 evicit,
483 4008 598 4062 hnc
617 4026 766 4061 mera
788 4020 867 4062 est
881 4007 1196 4080 procacitas,
1210 4027 1320 4080 qua

291 4106 344 4139 se
371 4086 593 4141 inrideri
619 4088 772 4143 Simo
797 4088 1012 4143 fatetur.
1039 4088 1110 4141 Et
1140 4114 1161 4135 ι
1185 4086 1318 4159 quid

291 4166 415 4221 huic
439 4166 649 4221 homini
678 4168 908 4222 faciam?
941 4195 967 4217 ι-
999 4166 1320 4222 exclamatio

1417 3304 1497 3344 est
1524 3289 1705 3359 jocose
1742 3288 2016 3343 irascentis
2048 3289 2333 3347 Pseudolo.
2372 3294 2444 3347 N.

1500 3388 1524 3423 1
1538 3387 1594 3437 9.
1644 3370 1701 3421 V
1695 3381 1799 3423 orte
1840 3388 1957 3440 ergo
2002 3370 2260 3425 humerum.
2312 3374 2439 3427 Hac

1411 3466 1693 3522 perperam
1724 3450 1779 3503 in
1807 3449 2036 3521 vulgatis
2060 3450 2329 3505 Pseudolo
2359 3465 2441 3524 at-

1410 3529 1743 3584 tribuuntur.
1760 3528 1955 3583 Editor
1980 3530 2303 3601 Bipontinus
2324 3532 2442 3587 haec

1411 3609 1623 3665 Simoni
1684 3609 1973 3663 convenire
2024 3608 2161 3663 vidit
2222 3612 2442 3667 facienti

1407 3688 1556 3761 quod
1583 3707 1764 3742 servus
1780 3690 2022 3759 jusserat.
2044 3688 2117 3743 N.

1492 3788 1587 3823 ²1.
1623 3769 1698 3823 Νι·
1733 3768 1917 3820 doleres
1962 3780 2045 3834 tu,
2075 3780 2173 3822 etc.
2225 3769 2344 3823 Nisi
2385 3784 2437 3825 te

1406 3848 1682 3903 Phoenicio
1695 3847 2134 3913 inter-vertissem,
2150 3848 2297 3920 quod
2310 3869 2440 3922 pro-

1406 3928 1657 3981 miseram
1668 3927 1907 3992 Simoni,
1924 3927 1979 3980 in
2003 3927 2290 3998 pistrinum
2312 3951 2438 3986 con-

1407 4008 1556 4062 ditus
1582 4026 1767 4060 essem.
1783 4007 2010 4061 Tiona.

1495 4090 1586 4141 23.
1602 4088 1719 4141 Non
1735 4086 1899 4139 aecdes.
1928 4089 2057 4158 Sup.
2074 4088 2120 4154 1,
2148 4108 2199 4154 1,
2221 4096 2313 4159 76.

1496 4173 1588 4222 26.
1613 4166 1672 4221 Se·
1690 4171 1819 4223 νίνο.
1843 4168 2035 4225 Bacch.
2068 4168 2170 4235 IV,
2202 4174 2259 4234 6,
2289 4176 2341 4223 6.
