<?xml version="1.0" encoding="UTF-8"?>
<!DOCTYPE html PUBLIC "-//W3C//DTD XHTML 1.0 Transitional//EN"
    "http://www.w3.org/TR/xhtml1/DTD/xhtml1-transitional.dtd">
<html xmlns="http://www.w3.org/1999/xhtml" xml:lang="en" lang="en">
 <head>
  <title>
</title>
<meta http-equiv="Content-Type" content="text/html;charset=utf-8" />
  <meta name='ocr-system' content='tesseract 3.04.00' />
  <meta name='ocr-capabilities' content='ocr_page ocr_carea ocr_par ocr_line ocrx_word'/>
</head>
<body>
  <div class='ocr_page' id='page_1' title='image "./macciiplauticom00naudgoog_0625.png"; bbox 0 0 3067 5017; ppageno 0'>
   <div class='ocr_carea' id='block_1_1' title="bbox 1133 441 2521 540">
    <p class='ocr_par' dir='ltr' id='par_1_1' title="bbox 1133 441 2521 540">
     <span class='ocr_line' id='line_1_1' title="bbox 1133 441 2521 540; baseline -0.001 -22"><span class='ocrx_word' id='word_1_1' title='bbox 1133 446 1739 518; x_wconf 87' lang='lat' dir='ltr'><strong>EDITIONES.</strong></span> <span class='ocrx_word' id='word_1_2' title='bbox 2375 441 2521 540; x_wconf 77' lang='lat'><strong>617</strong></span> 
     </span>
    </p>
   </div>
   <div class='ocr_carea' id='block_1_2' title="bbox 373 563 2563 3524">
    <p class='ocr_par' dir='ltr' id='par_1_2' title="bbox 373 563 2563 1822">
     <span class='ocr_line' id='line_1_2' title="bbox 377 563 2521 655; baseline -0.003 -19"><span class='ocrx_word' id='word_1_3' title='bbox 377 565 940 636; x_wconf 83' lang='lat' dir='ltr'><strong>observationibus</strong></span> <span class='ocrx_word' id='word_1_4' title='bbox 966 565 1068 632; x_wconf 89' lang='lat' dir='ltr'><strong>Pii</strong></span> <span class='ocrx_word' id='word_1_5' title='bbox 1090 566 1522 636; x_wconf 75' lang='lat' dir='ltr'>Bononiensis</span> <span class='ocrx_word' id='word_1_6' title='bbox 1551 587 1567 634; x_wconf 76' lang='lat' dir='ltr'><em>z</em></span> <span class='ocrx_word' id='word_1_7' title='bbox 1604 564 1865 655; x_wconf 83' lang='lat' dir='ltr'><strong>Ugoleti</strong></span> <span class='ocrx_word' id='word_1_8' title='bbox 1894 581 1963 636; x_wconf 86' lang='lat' dir='ltr'><strong>et</strong></span> <span class='ocrx_word' id='word_1_9' title='bbox 1998 563 2303 653; x_wconf 72' lang='lat' dir='ltr'><strong>Grapaldi</strong></span> <span class='ocrx_word' id='word_1_10' title='bbox 2328 565 2521 632; x_wconf 85' lang='lat' dir='ltr'><strong>scho-</strong></span> 
     </span>
     <span class='ocr_line' id='line_1_3' title="bbox 375 669 2527 760; baseline -0.002 -21"><span class='ocrx_word' id='word_1_11' title='bbox 375 677 478 740; x_wconf 87' lang='lat' dir='ltr'><strong>liis</strong></span> <span class='ocrx_word' id='word_1_12' title='bbox 509 697 526 738; x_wconf 72' lang='grc' dir='ltr'><strong>ε</strong></span> <span class='ocrx_word' id='word_1_13' title='bbox 565 672 988 759; x_wconf 81' lang='lat' dir='ltr'><strong>Anselmique</strong></span> <span class='ocrx_word' id='word_1_14' title='bbox 1039 670 1589 760; x_wconf 78' lang='lat' dir='ltr'><strong>Epiphyllidihus.</strong></span> <span class='ocrx_word' id='word_1_15' title='bbox 1625 669 1901 750; x_wconf 83' lang='lat' dir='ltr'><strong>Adjecto.</strong></span> <span class='ocrx_word' id='word_1_16' title='bbox 1938 670 2207 759; x_wconf 80' lang='lat' dir='ltr'><strong>insuper</strong></span> <span class='ocrx_word' id='word_1_17' title='bbox 2254 672 2527 760; x_wconf 79' lang='lat' dir='ltr'><strong>eleganti</strong></span> 
     </span>
     <span class='ocr_line' id='line_1_4' title="bbox 381 779 2526 868; baseline -0 -21"><span class='ocrx_word' id='word_1_18' title='bbox 381 781 600 847; x_wconf 88' lang='lat' dir='ltr'><strong>indice</strong></span> <span class='ocrx_word' id='word_1_19' title='bbox 621 803 803 846; x_wconf 84' lang='lat' dir='ltr'><strong>nune</strong></span> <span class='ocrx_word' id='word_1_20' title='bbox 828 780 1118 868; x_wconf 87' lang='lat' dir='ltr'><strong>primum</strong></span> <span class='ocrx_word' id='word_1_21' title='bbox 1151 780 1514 868; x_wconf 81' lang='lat' dir='ltr'><strong>excogitato</strong></span> <span class='ocrx_word' id='word_1_22' title='bbox 1551 803 1568 845; x_wconf 72' lang='grc' dir='ltr'><strong><em>ε</em></strong></span> <span class='ocrx_word' id='word_1_23' title='bbox 1605 779 1717 868; x_wconf 90' lang='lat' dir='ltr'><strong>qui</strong></span> <span class='ocrx_word' id='word_1_24' title='bbox 1756 779 1975 846; x_wconf 83' lang='lat' dir='ltr'><strong>omnia</strong></span> <span class='ocrx_word' id='word_1_25' title='bbox 1995 779 2526 868; x_wconf 79' lang='lat' dir='ltr'><strong>grammaticalia,</strong></span> 
     </span>
     <span class='ocr_line' id='line_1_5' title="bbox 377 885 2519 970; baseline 0 -17"><span class='ocrx_word' id='word_1_26' title='bbox 377 889 598 954; x_wconf 86' lang='lat' dir='ltr'><strong>omnia</strong></span> <span class='ocrx_word' id='word_1_27' title='bbox 629 886 1033 952; x_wconf 88' lang='lat' dir='ltr'><strong>subobscura</strong></span> <span class='ocrx_word' id='word_1_28' title='bbox 1068 887 1381 952; x_wconf 82' lang='lat' dir='ltr'><strong>vocabula</strong></span> <span class='ocrx_word' id='word_1_29' title='bbox 1403 935 1422 968; x_wconf 88' lang='lat'><strong>,</strong></span> <span class='ocrx_word' id='word_1_30' title='bbox 1459 909 1689 953; x_wconf 87' lang='lat' dir='ltr'><strong>omnes</strong></span> <span class='ocrx_word' id='word_1_31' title='bbox 1720 885 1979 954; x_wconf 80' lang='lat' dir='ltr'><strong>fabulas</strong></span> <span class='ocrx_word' id='word_1_32' title='bbox 2004 903 2073 956; x_wconf 82' lang='lat' dir='ltr'><strong>et</strong></span> <span class='ocrx_word' id='word_1_33' title='bbox 2097 887 2432 970; x_wconf 72' lang='lat' dir='ltr'><strong>historias,</strong></span> <span class='ocrx_word' id='word_1_34' title='bbox 2452 901 2519 954; x_wconf 90' lang='lat' dir='ltr'><strong>et</strong></span> 
     </span>
     <span class='ocr_line' id='line_1_6' title="bbox 373 992 2525 1084; baseline -0.001 -24"><span class='ocrx_word' id='word_1_35' title='bbox 373 1016 652 1084; x_wconf 83' lang='lat' dir='ltr'><strong>quaeque</strong></span> <span class='ocrx_word' id='word_1_36' title='bbox 707 993 898 1083; x_wconf 88' lang='lat' dir='ltr'><strong>digna</strong></span> <span class='ocrx_word' id='word_1_37' title='bbox 947 993 1214 1082; x_wconf 79' lang='lat' dir='ltr'><strong>cognitu</strong></span> <span class='ocrx_word' id='word_1_38' title='bbox 1234 1041 1252 1076; x_wconf 89' lang='lat'><strong>,</strong></span> <span class='ocrx_word' id='word_1_39' title='bbox 1297 992 1701 1082; x_wconf 84' lang='lat' dir='ltr'><strong>alphabetice</strong></span> <span class='ocrx_word' id='word_1_40' title='bbox 1742 992 2167 1061; x_wconf 70' lang='lat' dir='ltr'><strong>demonstrat.</strong></span> <span class='ocrx_word' id='word_1_41' title='bbox 2225 997 2303 1058; x_wconf 87' lang='lat' dir='ltr'><strong>In</strong></span> <span class='ocrx_word' id='word_1_42' title='bbox 2350 992 2525 1058; x_wconf 86' lang='lat' dir='ltr'><strong>fine:</strong></span> 
     </span>
     <span class='ocr_line' id='line_1_7' title="bbox 375 1099 2528 1189; baseline -0.001 -24"><span class='ocrx_word' id='word_1_43' title='bbox 375 1132 402 1158; x_wconf 71' lang='grc' dir='ltr'><strong><em>κ</em></strong></span> <span class='ocrx_word' id='word_1_44' title='bbox 427 1102 699 1166; x_wconf 87' lang='lat' dir='ltr'><strong>Finiunt</strong></span> <span class='ocrx_word' id='word_1_45' title='bbox 722 1099 952 1189; x_wconf 84' lang='lat' dir='ltr'><strong>viginti</strong></span> <span class='ocrx_word' id='word_1_46' title='bbox 980 1099 1192 1164; x_wconf 87' lang='lat' dir='ltr'><strong>Plauti</strong></span> <span class='ocrx_word' id='word_1_47' title='bbox 1233 1099 1583 1166; x_wconf 82' lang='lat' dir='ltr'><strong>Comoediae</strong></span> <span class='ocrx_word' id='word_1_48' title='bbox 1622 1118 1773 1189; x_wconf 88' lang='lat' dir='ltr'><strong>post</strong></span> <span class='ocrx_word' id='word_1_49' title='bbox 1805 1123 2039 1164; x_wconf 84' lang='lat' dir='ltr'><strong>omnes</strong></span> <span class='ocrx_word' id='word_1_50' title='bbox 2070 1100 2528 1189; x_wconf 75' lang='lat' dir='ltr'><strong>impressiones</strong></span> 
     </span>
     <span class='ocr_line' id='line_1_8' title="bbox 376 1204 2563 1296; baseline -0.001 -25"><span class='ocrx_word' id='word_1_51' title='bbox 376 1206 627 1295; x_wconf 89' lang='lat' dir='ltr'><strong>ubique</strong></span> <span class='ocrx_word' id='word_1_52' title='bbox 659 1221 977 1269; x_wconf 87' lang='lat' dir='ltr'><strong>terrarum</strong></span> <span class='ocrx_word' id='word_1_53' title='bbox 1010 1227 1274 1270; x_wconf 81' lang='lat' dir='ltr'><strong>excusas</strong></span> <span class='ocrx_word' id='word_1_54' title='bbox 1302 1204 1792 1296; x_wconf 73' lang='lat' dir='ltr'><strong>diligentissime</strong></span> <span class='ocrx_word' id='word_1_55' title='bbox 1824 1205 2212 1294; x_wconf 79' lang='lat' dir='ltr'><strong>recognitae,</strong></span> <span class='ocrx_word' id='word_1_56' title='bbox 2240 1228 2527 1270; x_wconf 84' lang='lat' dir='ltr'><strong>summa·-</strong></span> <span class='ocrx_word' id='word_1_57' title='bbox 2557 1277 2563 1281; x_wconf 53' lang='grc'><strong>,</strong></span> 
     </span>
     <span class='ocr_line' id='line_1_9' title="bbox 375 1311 2527 1402; baseline -0.001 -26"><span class='ocrx_word' id='word_1_58' title='bbox 375 1326 506 1401; x_wconf 78' lang='lat' dir='ltr'><strong>que</strong></span> <span class='ocrx_word' id='word_1_59' title='bbox 536 1311 864 1402; x_wconf 80' lang='lat' dir='ltr'><strong>diligentia</strong></span> <span class='ocrx_word' id='word_1_60' title='bbox 895 1312 1214 1400; x_wconf 70' lang='lat' dir='ltr'><strong>castigatae</strong></span> <span class='ocrx_word' id='word_1_61' title='bbox 1236 1334 1252 1376; x_wconf 92' lang='lat'>:</span> <span class='ocrx_word' id='word_1_62' title='bbox 1278 1311 1739 1400; x_wconf 81' lang='lat' dir='ltr'><strong>impressaeque</strong></span> <span class='ocrx_word' id='word_1_63' title='bbox 1760 1311 2049 1376; x_wconf 87' lang='lat' dir='ltr'><strong>Venetiis</strong></span> <span class='ocrx_word' id='word_1_64' title='bbox 2072 1334 2191 1399; x_wconf 86' lang='lat' dir='ltr'><strong>per</strong></span> <span class='ocrx_word' id='word_1_65' title='bbox 2204 1311 2527 1375; x_wconf 83' lang='lat' dir='ltr'><strong>Melchio-</strong></span> 
     </span>
     <span class='ocr_line' id='line_1_10' title="bbox 373 1406 2527 1506; baseline -0 -24"><span class='ocrx_word' id='word_1_66' title='bbox 373 1441 516 1482; x_wconf 83' lang='lat' dir='ltr'><strong>rem</strong></span> <span class='ocrx_word' id='word_1_67' title='bbox 541 1419 790 1483; x_wconf 87' lang='lat' dir='ltr'><strong>Sessam</strong></span> <span class='ocrx_word' id='word_1_68' title='bbox 814 1434 880 1482; x_wconf 86' lang='lat' dir='ltr'><strong>et</strong></span> <span class='ocrx_word' id='word_1_69' title='bbox 907 1406 1175 1481; x_wconf 76' lang='lat' dir='ltr'><strong>Petrum</strong></span> <span class='ocrx_word' id='word_1_70' title='bbox 1199 1416 1280 1480; x_wconf 85' lang='lat' dir='ltr'><strong>de</strong></span> <span class='ocrx_word' id='word_1_71' title='bbox 1305 1417 1631 1482; x_wconf 85' lang='lat' dir='ltr'><strong>Ravannis</strong></span> <span class='ocrx_word' id='word_1_72' title='bbox 1650 1417 1862 1484; x_wconf 86' lang='lat' dir='ltr'><strong>socios</strong></span> <span class='ocrx_word' id='word_1_73' title='bbox 1879 1465 1897 1498; x_wconf 87' lang='lat'>‚</span> <span class='ocrx_word' id='word_1_74' title='bbox 1926 1441 1951 1480; x_wconf 92' lang='lat'>1</span> <span class='ocrx_word' id='word_1_75' title='bbox 1966 1414 2039 1481; x_wconf 81' lang='lat'><strong>51</strong></span> <span class='ocrx_word' id='word_1_76' title='bbox 2054 1415 2191 1499; x_wconf 88' lang='lat' dir='ltr'><strong>8,d.</strong></span> <span class='ocrx_word' id='word_1_77' title='bbox 2219 1439 2295 1480; x_wconf 82' lang='lat'><strong>12</strong></span> <span class='ocrx_word' id='word_1_78' title='bbox 2314 1419 2486 1506; x_wconf 85' lang='lat' dir='ltr'>Aug.</span> <span class='ocrx_word' id='word_1_79' title='bbox 2501 1447 2527 1474; x_wconf 73' lang='grc' dir='ltr'><strong>ι·</strong></span> 
     </span>
     <span class='ocr_line' id='line_1_11' title="bbox 374 1521 2527 1588; baseline 0 0"><span class='ocrx_word' id='word_1_80' title='bbox 374 1559 468 1576; x_wconf 88' lang='lat'><strong>--</strong></span> <span class='ocrx_word' id='word_1_81' title='bbox 496 1525 683 1588; x_wconf 84' lang='lat' dir='ltr'><strong>Hanc</strong></span> <span class='ocrx_word' id='word_1_82' title='bbox 715 1521 1071 1586; x_wconf 80' lang='lat' dir='ltr'><strong>editionem</strong></span> <span class='ocrx_word' id='word_1_83' title='bbox 1115 1523 1366 1586; x_wconf 84' lang='lat' dir='ltr'><strong>curavit</strong></span> <span class='ocrx_word' id='word_1_84' title='bbox 1400 1523 1609 1586; x_wconf 70' lang='lat' dir='ltr'><strong>Luoes</strong></span> <span class='ocrx_word' id='word_1_85' title='bbox 1656 1521 2093 1586; x_wconf 82' lang='lat' dir='ltr'><strong>Olehiniensis</strong></span> <span class='ocrx_word' id='word_1_86' title='bbox 2136 1522 2527 1588; x_wconf 85' lang='lat' dir='ltr'><strong>Canonious.</strong></span> 
     </span>
     <span class='ocr_line' id='line_1_12' title="bbox 378 1627 2525 1718; baseline 0 -26"><span class='ocrx_word' id='word_1_87' title='bbox 378 1629 526 1694; x_wconf 82' lang='lat' dir='ltr'><strong>Vid.</strong></span> <span class='ocrx_word' id='word_1_88' title='bbox 565 1629 734 1694; x_wconf 84' lang='lat' dir='ltr'><strong>Brix.</strong></span> <span class='ocrx_word' id='word_1_89' title='bbox 770 1629 938 1696; x_wconf 87' lang='lat' dir='ltr'><strong>liter.</strong></span> <span class='ocrx_word' id='word_1_90' title='bbox 979 1627 1242 1710; x_wconf 87' lang='lat' dir='ltr'><strong>Quirini</strong></span> <span class='ocrx_word' id='word_1_91' title='bbox 1278 1628 1348 1693; x_wconf 89' lang='lat' dir='ltr'><strong>P.</strong></span> <span class='ocrx_word' id='word_1_92' title='bbox 1372 1630 1439 1709; x_wconf 83' lang='lat'><strong>1,</strong></span> <span class='ocrx_word' id='word_1_93' title='bbox 1477 1651 1627 1718; x_wconf 82' lang='lat' dir='ltr'><strong>pag.</strong></span> <span class='ocrx_word' id='word_1_94' title='bbox 1656 1627 1741 1715; x_wconf 86' lang='lat'><strong>39</strong></span> <span class='ocrx_word' id='word_1_95' title='bbox 1771 1651 1865 1716; x_wconf 82' lang='lat' dir='ltr'><strong>sq.</strong></span> <span class='ocrx_word' id='word_1_96' title='bbox 1895 1644 1959 1692; x_wconf 85' lang='lat' dir='ltr'><strong>et</strong></span> <span class='ocrx_word' id='word_1_97' title='bbox 1992 1628 2196 1693; x_wconf 82' lang='lat' dir='ltr'><strong>Goetz.</strong></span> <span class='ocrx_word' id='word_1_98' title='bbox 2224 1629 2293 1691; x_wconf 89' lang='lat' dir='ltr'><strong>in</strong></span> <span class='ocrx_word' id='word_1_99' title='bbox 2326 1628 2525 1693; x_wconf 87' lang='lat' dir='ltr'><strong>Mem.</strong></span> 
     </span>
     <span class='ocr_line' id='line_1_13' title="bbox 378 1733 1144 1822; baseline 0.001 -22"><span class='ocrx_word' id='word_1_100' title='bbox 378 1736 539 1801; x_wconf 81' lang='lat' dir='ltr'><strong>Bibl.</strong></span> <span class='ocrx_word' id='word_1_101' title='bbox 571 1733 803 1799; x_wconf 85' lang='lat' dir='ltr'><strong>Dresd.</strong></span> <span class='ocrx_word' id='word_1_102' title='bbox 838 1735 870 1798; x_wconf 87' lang='lat'><em>1</em></span> <span class='ocrx_word' id='word_1_103' title='bbox 889 1782 910 1816; x_wconf 85' lang='lat'>‚</span> <span class='ocrx_word' id='word_1_104' title='bbox 935 1758 1000 1822; x_wconf 89' lang='lat' dir='ltr'><strong>p.</strong></span> <span class='ocrx_word' id='word_1_105' title='bbox 1035 1735 1144 1820; x_wconf 82' lang='lat'><strong>96.</strong></span> 
     </span>
    </p>

    <p class='ocr_par' dir='ltr' id='par_1_3' title="bbox 375 1839 2534 2782">
     <span class='ocr_line' id='line_1_14' title="bbox 475 1839 2527 1924; baseline -0.001 -18"><span class='ocrx_word' id='word_1_106' title='bbox 475 1841 646 1908; x_wconf 82' lang='lat'><strong>1522</strong></span> <span class='ocrx_word' id='word_1_107' title='bbox 689 1841 969 1915; x_wconf 86' lang='lat' dir='ltr'><strong>Veneta,</strong></span> <span class='ocrx_word' id='word_1_108' title='bbox 1021 1841 1190 1919; x_wconf 73' lang='lat' dir='ltr'><strong>in-4.</strong></span> <span class='ocrx_word' id='word_1_109' title='bbox 1235 1839 1464 1908; x_wconf 81' lang='lat' dir='ltr'><strong>Aldina</strong></span> <span class='ocrx_word' id='word_1_110' title='bbox 1497 1841 1585 1904; x_wconf 92' lang='lat'><strong>11.</strong></span> <span class='ocrx_word' id='word_1_111' title='bbox 1632 1841 1734 1904; x_wconf 84' lang='lat' dir='ltr'><strong>Ex</strong></span> <span class='ocrx_word' id='word_1_112' title='bbox 1780 1839 1987 1904; x_wconf 85' lang='lat' dir='ltr'><strong>Plauti</strong></span> <span class='ocrx_word' id='word_1_113' title='bbox 2034 1839 2325 1905; x_wconf 86' lang='lat' dir='ltr'><strong>Comoed.</strong></span> <span class='ocrx_word' id='word_1_114' title='bbox 2358 1841 2527 1924; x_wconf 85' lang='lat' dir='ltr'><strong>XX,</strong></span> 
     </span>
     <span class='ocr_line' id='line_1_15' title="bbox 379 1946 2530 2036; baseline -0.001 -23"><span class='ocrx_word' id='word_1_115' title='bbox 379 1969 660 2036; x_wconf 86' lang='lat' dir='ltr'><strong>quarum</strong></span> <span class='ocrx_word' id='word_1_116' title='bbox 687 1947 972 2011; x_wconf 84' lang='lat' dir='ltr'><strong>carmina</strong></span> <span class='ocrx_word' id='word_1_117' title='bbox 995 1969 1229 2035; x_wconf 83' lang='lat' dir='ltr'><strong>magna</strong></span> <span class='ocrx_word' id='word_1_118' title='bbox 1255 1969 1334 2010; x_wconf 78' lang='lat' dir='ltr'><strong>ex</strong></span> <span class='ocrx_word' id='word_1_119' title='bbox 1363 1947 1639 2036; x_wconf 75' lang='lat' dir='ltr'><strong>partein</strong></span> <span class='ocrx_word' id='word_1_120' title='bbox 1674 1969 1977 2010; x_wconf 86' lang='lat' dir='ltr'><strong>mensum</strong></span> <span class='ocrx_word' id='word_1_121' title='bbox 2007 1967 2200 2010; x_wconf 85' lang='lat' dir='ltr'><strong>suum</strong></span> <span class='ocrx_word' id='word_1_122' title='bbox 2235 1946 2530 2010; x_wconf 78' lang='lat' dir='ltr'><strong>restituta</strong></span> 
     </span>
     <span class='ocr_line' id='line_1_16' title="bbox 375 2051 2531 2135; baseline -0.001 -17"><span class='ocrx_word' id='word_1_123' title='bbox 375 2069 555 2118; x_wconf 88' lang='lat' dir='ltr'><strong>sunt.</strong></span> <span class='ocrx_word' id='word_1_124' title='bbox 584 2053 880 2118; x_wconf 86' lang='lat' dir='ltr'><strong>.Venetiis</strong></span> <span class='ocrx_word' id='word_1_125' title='bbox 909 2099 928 2134; x_wconf 91' lang='lat'>,</span> <span class='ocrx_word' id='word_1_126' title='bbox 962 2053 1032 2114; x_wconf 90' lang='lat' dir='ltr'><strong>in</strong></span> <span class='ocrx_word' id='word_1_127' title='bbox 1079 2051 1326 2116; x_wconf 80' lang='lat' dir='ltr'><strong>aedibus</strong></span> <span class='ocrx_word' id='word_1_128' title='bbox 1365 2051 1511 2115; x_wconf 79' lang='lat' dir='ltr'><strong>Aldi</strong></span> <span class='ocrx_word' id='word_1_129' title='bbox 1550 2067 1617 2116; x_wconf 86' lang='lat' dir='ltr'><strong>et</strong></span> <span class='ocrx_word' id='word_1_130' title='bbox 1660 2051 1940 2118; x_wconf 73' lang='lat' dir='ltr'><strong>Andreae</strong></span> <span class='ocrx_word' id='word_1_131' title='bbox 1984 2051 2248 2116; x_wconf 83' lang='lat' dir='ltr'><strong>Asulani</strong></span> <span class='ocrx_word' id='word_1_132' title='bbox 2290 2053 2531 2135; x_wconf 78' lang='lat' dir='ltr'><strong>soceri,</strong></span> 
     </span>
     <span class='ocr_line' id='line_1_17' title="bbox 378 2159 2528 2245; baseline -0.001 -19"><span class='ocrx_word' id='word_1_133' title='bbox 378 2183 604 2226; x_wconf 87' lang='lat' dir='ltr'><strong>mense</strong></span> <span class='ocrx_word' id='word_1_134' title='bbox 639 2159 834 2225; x_wconf 90' lang='lat' dir='ltr'><strong>Julio.</strong></span> <span class='ocrx_word' id='word_1_135' title='bbox 859 2195 952 2210; x_wconf 89' lang='lat'><strong>--</strong></span> <span class='ocrx_word' id='word_1_136' title='bbox 987 2159 1228 2222; x_wconf 76' lang='lat' dir='ltr'><strong>Praeter</strong></span> <span class='ocrx_word' id='word_1_137' title='bbox 1256 2179 1489 2222; x_wconf 83' lang='lat' dir='ltr'><strong>vanam</strong></span> <span class='ocrx_word' id='word_1_138' title='bbox 1525 2159 1699 2222; x_wconf 84' lang='lat' dir='ltr'><strong>hanc</strong></span> <span class='ocrx_word' id='word_1_139' title='bbox 1736 2159 1803 2223; x_wconf 89' lang='lat' dir='ltr'><strong>in</strong></span> <span class='ocrx_word' id='word_1_140' title='bbox 1850 2161 2045 2224; x_wconf 85' lang='lat' dir='ltr'><strong>titulo</strong></span> <span class='ocrx_word' id='word_1_141' title='bbox 2068 2159 2528 2245; x_wconf 82' lang='lat' dir='ltr'><strong>jactationem,</strong></span> 
     </span>
     <span class='ocr_line' id='line_1_18' title="bbox 376 2263 2533 2356; baseline -0.002 -22"><span class='ocrx_word' id='word_1_142' title='bbox 376 2269 755 2334; x_wconf 85' lang='lat' dir='ltr'><strong>Franciseus</strong></span> <span class='ocrx_word' id='word_1_143' title='bbox 786 2266 1108 2330; x_wconf 84' lang='lat' dir='ltr'><strong>Asulanus</strong></span> <span class='ocrx_word' id='word_1_144' title='bbox 1158 2264 1226 2328; x_wconf 90' lang='lat' dir='ltr'><strong>in</strong></span> <span class='ocrx_word' id='word_1_145' title='bbox 1264 2264 1645 2352; x_wconf 72' lang='lat' dir='ltr'><strong>praefatione</strong></span> <span class='ocrx_word' id='word_1_146' title='bbox 1675 2263 2053 2352; x_wconf 86' lang='lat' dir='ltr'><strong>profitetur,</strong></span> <span class='ocrx_word' id='word_1_147' title='bbox 2103 2289 2172 2330; x_wconf 89' lang='lat' dir='ltr'><strong>se</strong></span> <span class='ocrx_word' id='word_1_148' title='bbox 2209 2268 2533 2356; x_wconf 81' lang='lat' dir='ltr'><strong>exemplar</strong></span> 
     </span>
     <span class='ocr_line' id='line_1_19' title="bbox 379 2370 2534 2460; baseline -0 -22"><span class='ocrx_word' id='word_1_149' title='bbox 379 2375 462 2438; x_wconf 84' lang='lat' dir='ltr'><strong>ab</strong></span> <span class='ocrx_word' id='word_1_150' title='bbox 496 2373 667 2438; x_wconf 91' lang='lat' dir='ltr'><strong>Aldo</strong></span> <span class='ocrx_word' id='word_1_151' title='bbox 709 2389 776 2436; x_wconf 87' lang='lat' dir='ltr'><strong>et</strong></span> <span class='ocrx_word' id='word_1_152' title='bbox 813 2373 1088 2436; x_wconf 83' lang='lat' dir='ltr'><strong>Erasmo</strong></span> <span class='ocrx_word' id='word_1_153' title='bbox 1123 2370 1508 2458; x_wconf 76' lang='lat' dir='ltr'><strong>castigatum</strong></span> <span class='ocrx_word' id='word_1_154' title='bbox 1558 2370 1983 2460; x_wconf 81' lang='lat' dir='ltr'><strong>typographis</strong></span> <span class='ocrx_word' id='word_1_155' title='bbox 2016 2373 2534 2437; x_wconf 74' lang='lat' dir='ltr'><strong>exscribendum</strong></span> 
     </span>
     <span class='ocr_line' id='line_1_20' title="bbox 378 2475 2531 2568; baseline 0 -25"><span class='ocrx_word' id='word_1_156' title='bbox 378 2479 815 2568; x_wconf 80' lang='lat' dir='ltr'><strong>proposuisse.</strong></span> <span class='ocrx_word' id='word_1_157' title='bbox 851 2475 978 2542; x_wconf 85' lang='lat' dir='ltr'><strong>Sed</strong></span> <span class='ocrx_word' id='word_1_158' title='bbox 1011 2494 1078 2541; x_wconf 87' lang='lat' dir='ltr'><strong>et</strong></span> <span class='ocrx_word' id='word_1_159' title='bbox 1107 2477 1247 2541; x_wconf 84' lang='lat' dir='ltr'><strong>haee</strong></span> <span class='ocrx_word' id='word_1_160' title='bbox 1281 2476 1603 2566; x_wconf 83' lang='lat' dir='ltr'><strong>professio</strong></span> <span class='ocrx_word' id='word_1_161' title='bbox 1644 2492 1741 2539; x_wconf 87' lang='lat' dir='ltr'><strong>est</strong></span> <span class='ocrx_word' id='word_1_162' title='bbox 1775 2476 1931 2539; x_wconf 84' lang='lat' dir='ltr'><strong>falsa</strong></span> <span class='ocrx_word' id='word_1_163' title='bbox 1958 2497 1975 2539; x_wconf 76' lang='lat' dir='ltr'><strong>t</strong></span> <span class='ocrx_word' id='word_1_164' title='bbox 2010 2499 2163 2540; x_wconf 88' lang='lat' dir='ltr'><strong>nam</strong></span> <span class='ocrx_word' id='word_1_165' title='bbox 2196 2477 2531 2544; x_wconf 82' lang='lat' dir='ltr'><strong>Iuntinam</strong></span> 
     </span>
     <span class='ocr_line' id='line_1_21' title="bbox 380 2579 2533 2674; baseline 0 -24"><span class='ocrx_word' id='word_1_166' title='bbox 380 2587 619 2674; x_wconf 85' lang='lat' dir='ltr'><strong>repetit</strong></span> <span class='ocrx_word' id='word_1_167' title='bbox 636 2635 654 2668; x_wconf 89' lang='lat'>‚</span> <span class='ocrx_word' id='word_1_168' title='bbox 679 2603 745 2650; x_wconf 87' lang='lat' dir='ltr'><strong>et</strong></span> <span class='ocrx_word' id='word_1_169' title='bbox 769 2584 1204 2648; x_wconf 83' lang='lat' dir='ltr'><strong>correctiones</strong></span> <span class='ocrx_word' id='word_1_170' title='bbox 1236 2581 1386 2648; x_wconf 86' lang='lat' dir='ltr'><strong>Aldi</strong></span> <span class='ocrx_word' id='word_1_171' title='bbox 1415 2599 1480 2646; x_wconf 90' lang='lat' dir='ltr'><strong>et</strong></span> <span class='ocrx_word' id='word_1_172' title='bbox 1497 2579 1753 2646; x_wconf 88' lang='lat' dir='ltr'><strong>Erasmi</strong></span> <span class='ocrx_word' id='word_1_173' title='bbox 1786 2581 1870 2646; x_wconf 85' lang='lat' dir='ltr'><strong>ad</strong></span> <span class='ocrx_word' id='word_1_174' title='bbox 1890 2581 2041 2648; x_wconf 86' lang='lat' dir='ltr'><strong>vitia</strong></span> <span class='ocrx_word' id='word_1_175' title='bbox 2068 2585 2533 2673; x_wconf 80' lang='lat' dir='ltr'><strong>typographica</strong></span> 
     </span>
     <span class='ocr_line' id='line_1_22' title="bbox 380 2695 2113 2782; baseline 0 -25"><span class='ocrx_word' id='word_1_176' title='bbox 380 2695 726 2782; x_wconf 84' lang='lat' dir='ltr'><strong>pertinent.</strong></span> <span class='ocrx_word' id='word_1_177' title='bbox 817 2715 850 2736; x_wconf 50' lang='lat'><strong>⁸</strong></span> <span class='ocrx_word' id='word_1_178' title='bbox 2110 2719 2113 2723; x_wconf 91' lang='lat'><em>·</em></span> 
     </span>
    </p>

    <p class='ocr_par' dir='ltr' id='par_1_4' title="bbox 381 2795 2527 2997">
     <span class='ocr_line' id='line_1_23' title="bbox 688 2795 2527 2886; baseline -0.001 -22"><span class='ocrx_word' id='word_1_179' title='bbox 688 2799 1058 2880; x_wconf 64' lang='lat' dir='ltr'><strong>Florentiae,</strong></span> <span class='ocrx_word' id='word_1_180' title='bbox 1097 2795 1268 2862; x_wconf 70' lang='grc' dir='ltr'><strong>ἰπὶ-8.</strong></span> <span class='ocrx_word' id='word_1_181' title='bbox 1317 2799 1420 2864; x_wconf 83' lang='lat' dir='ltr'><strong>Ex</strong></span> <span class='ocrx_word' id='word_1_182' title='bbox 1465 2817 1594 2861; x_wconf 87' lang='lat' dir='ltr'><strong>ree.</strong></span> <span class='ocrx_word' id='word_1_183' title='bbox 1637 2795 1908 2886; x_wconf 81' lang='lat' dir='ltr'><strong>Angelii.</strong></span> <span class='ocrx_word' id='word_1_184' title='bbox 1960 2796 2062 2861; x_wconf 86' lang='lat' dir='ltr'><strong>Cf.</strong></span> <span class='ocrx_word' id='word_1_185' title='bbox 2110 2795 2313 2862; x_wconf 85' lang='lat' dir='ltr'><strong>Catal.</strong></span> <span class='ocrx_word' id='word_1_186' title='bbox 2362 2797 2527 2863; x_wconf 79' lang='lat' dir='ltr'><strong>Bibl.</strong></span> 
     </span>
     <span class='ocr_line' id='line_1_24' title="bbox 381 2901 1390 2997; baseline -0.005 -24"><span class='ocrx_word' id='word_1_187' title='bbox 381 2907 759 2997; x_wconf 81' lang='lat' dir='ltr'><strong>Bigotianae‚</strong></span> <span class='ocrx_word' id='word_1_188' title='bbox 793 2928 860 2995; x_wconf 91' lang='lat' dir='ltr'><strong>p.</strong></span> <span class='ocrx_word' id='word_1_189' title='bbox 891 2908 1052 2987; x_wconf 74' lang='lat'><strong>204,</strong></span> <span class='ocrx_word' id='word_1_190' title='bbox 1095 2927 1162 2970; x_wconf 87' lang='lat' dir='ltr'><strong>n.</strong></span> <span class='ocrx_word' id='word_1_191' title='bbox 1197 2901 1390 2969; x_wconf 82' lang='lat'><strong>5065.</strong></span> 
     </span>
    </p>

    <p class='ocr_par' dir='ltr' id='par_1_5' title="bbox 382 3009 2535 3524">
     <span class='ocr_line' id='line_1_25' title="bbox 479 3009 2533 3098; baseline -0.001 -20"><span class='ocrx_word' id='word_1_192' title='bbox 479 3013 646 3080; x_wconf 83' lang='lat'>1523</span> <span class='ocrx_word' id='word_1_193' title='bbox 693 3014 987 3094; x_wconf 81' lang='lat' dir='ltr'><strong>Basileae,</strong></span> <span class='ocrx_word' id='word_1_194' title='bbox 1020 3013 1190 3078; x_wconf 84' lang='lat' dir='ltr'><strong>in-8.</strong></span> <span class='ocrx_word' id='word_1_195' title='bbox 1229 3011 1321 3079; x_wconf 85' lang='lat' dir='ltr'><strong>M.</strong></span> <span class='ocrx_word' id='word_1_196' title='bbox 1340 3011 1556 3075; x_wconf 84' lang='lat' dir='ltr'><strong>Plauti</strong></span> <span class='ocrx_word' id='word_1_197' title='bbox 1595 3009 1945 3075; x_wconf 80' lang='lat' dir='ltr'><strong>Comoediae</strong></span> <span class='ocrx_word' id='word_1_198' title='bbox 1976 3009 2106 3072; x_wconf 89' lang='lat' dir='ltr'><strong>XX</strong></span> <span class='ocrx_word' id='word_1_199' title='bbox 2136 3031 2212 3072; x_wconf 82' lang='lat' dir='ltr'><strong>ex</strong></span> <span class='ocrx_word' id='word_1_200' title='bbox 2246 3009 2533 3098; x_wconf 73' lang='lat' dir='ltr'><strong>antiquis</strong></span> 
     </span>
     <span class='ocr_line' id='line_1_26' title="bbox 382 3113 2533 3206; baseline -0.002 -22"><span class='ocrx_word' id='word_1_201' title='bbox 382 3119 990 3206; x_wconf 86' lang='lat' dir='ltr'><strong>recentioribusque</strong></span> <span class='ocrx_word' id='word_1_202' title='bbox 1023 3117 1496 3206; x_wconf 83' lang='lat' dir='ltr'><strong>exemplaribus</strong></span> <span class='ocrx_word' id='word_1_203' title='bbox 1531 3117 1811 3180; x_wconf 85' lang='lat' dir='ltr'><strong>invicem</strong></span> <span class='ocrx_word' id='word_1_204' title='bbox 1837 3115 2083 3179; x_wconf 81' lang='lat' dir='ltr'><strong>collatis</strong></span> <span class='ocrx_word' id='word_1_205' title='bbox 2109 3161 2127 3196; x_wconf 88' lang='lat'>,</span> <span class='ocrx_word' id='word_1_206' title='bbox 2170 3113 2533 3203; x_wconf 82' lang='lat' dir='ltr'><strong>diligentis·</strong></span> 
     </span>
     <span class='ocr_line' id='line_1_27' title="bbox 383 3222 2535 3316; baseline -0.001 -26"><span class='ocrx_word' id='word_1_207' title='bbox 383 3228 544 3292; x_wconf 85' lang='lat' dir='ltr'><strong>sime</strong></span> <span class='ocrx_word' id='word_1_208' title='bbox 578 3229 926 3316; x_wconf 64' lang='lat' dir='ltr'><strong>recognitae</strong></span> <span class='ocrx_word' id='word_1_209' title='bbox 957 3249 974 3291; x_wconf 72' lang='grc' dir='ltr'><em>τ</em></span> <span class='ocrx_word' id='word_1_210' title='bbox 1005 3249 1284 3314; x_wconf 86' lang='lat' dir='ltr'><strong>quarum</strong></span> <span class='ocrx_word' id='word_1_211' title='bbox 1319 3223 1641 3305; x_wconf 87' lang='lat' dir='ltr'><strong>carmina,</strong></span> <span class='ocrx_word' id='word_1_212' title='bbox 1670 3245 1901 3312; x_wconf 84' lang='lat' dir='ltr'><strong>magna</strong></span> <span class='ocrx_word' id='word_1_213' title='bbox 1936 3245 2017 3288; x_wconf 81' lang='lat' dir='ltr'><strong>ex</strong></span> <span class='ocrx_word' id='word_1_214' title='bbox 2046 3222 2323 3311; x_wconf 82' lang='lat' dir='ltr'><strong>partein</strong></span> <span class='ocrx_word' id='word_1_215' title='bbox 2352 3245 2535 3287; x_wconf 81' lang='lat' dir='ltr'><strong>men·</strong></span> 
     </span>
     <span class='ocr_line' id='line_1_28' title="bbox 383 3329 2533 3417; baseline -0.002 -21"><span class='ocrx_word' id='word_1_216' title='bbox 383 3355 530 3396; x_wconf 88' lang='lat' dir='ltr'><strong>sum</strong></span> <span class='ocrx_word' id='word_1_217' title='bbox 565 3355 762 3398; x_wconf 88' lang='lat' dir='ltr'><strong>suum</strong></span> <span class='ocrx_word' id='word_1_218' title='bbox 796 3331 1092 3396; x_wconf 81' lang='lat' dir='ltr'><strong>restituta</strong></span> <span class='ocrx_word' id='word_1_219' title='bbox 1131 3347 1306 3396; x_wconf 86' lang='lat' dir='ltr'><strong>sunt.</strong></span> <span class='ocrx_word' id='word_1_220' title='bbox 1353 3329 1560 3394; x_wconf 83' lang='lat' dir='ltr'><strong>Index</strong></span> <span class='ocrx_word' id='word_1_221' title='bbox 1604 3330 1959 3394; x_wconf 75' lang='lat' dir='ltr'><strong>verborum</strong></span> <span class='ocrx_word' id='word_1_222' title='bbox 1988 3377 2007 3411; x_wconf 91' lang='lat'><strong>,</strong></span> <span class='ocrx_word' id='word_1_223' title='bbox 2045 3329 2288 3416; x_wconf 77' lang='lat' dir='ltr'><strong>,quibus</strong></span> <span class='ocrx_word' id='word_1_224' title='bbox 2334 3331 2533 3417; x_wconf 87' lang='lat' dir='ltr'><strong>paulo</strong></span> 
     </span>
     <span class='ocr_line' id='line_1_29' title="bbox 383 3435 2535 3524; baseline -0.002 -22"><span class='ocrx_word' id='word_1_225' title='bbox 383 3437 889 3503; x_wconf 80' lang='lat' dir='ltr'><strong>abstrusioribus</strong></span> <span class='ocrx_word' id='word_1_226' title='bbox 916 3439 1181 3513; x_wconf 87' lang='lat' dir='ltr'><strong>Plautus</strong></span> <span class='ocrx_word' id='word_1_227' title='bbox 1227 3437 1457 3502; x_wconf 83' lang='lat' dir='ltr'><strong>utitur.</strong></span> <span class='ocrx_word' id='word_1_228' title='bbox 1501 3437 1906 3524; x_wconf 86' lang='lat' dir='ltr'><strong>Argumenta</strong></span> <span class='ocrx_word' id='word_1_229' title='bbox 1946 3435 2348 3523; x_wconf 76' lang='lat' dir='ltr'><strong>singularum</strong></span> <span class='ocrx_word' id='word_1_230' title='bbox 2404 3437 2535 3498; x_wconf 89' lang='lat' dir='ltr'><strong>Co·-</strong></span> 
     </span>
    </p>
   </div>
   <div class='ocr_carea' id='block_1_3' title="bbox 467 2837 646 2850">
    <p class='ocr_par' dir='ltr' id='par_1_6' title="bbox 467 2837 646 2850">
     <span class='ocr_line' id='line_1_30' title="bbox 467 2837 646 2850; baseline 0 2167"><span class='ocrx_word' id='word_1_231' title='bbox 467 2837 646 2850; x_wconf 95' lang='lat' dir='ltr'><strong> </strong></span> 
     </span>
    </p>
   </div>
   <div class='ocr_carea' id='block_1_4' title="bbox 305 3537 2535 3628">
    <p class='ocr_par' dir='ltr' id='par_1_7' title="bbox 305 3537 2535 3628">
     <span class='ocr_line' id='line_1_31' title="bbox 305 3537 2535 3628; baseline -0.001 -21"><span class='ocrx_word' id='word_1_232' title='bbox 305 3537 316 3550; x_wconf 71' lang='grc'><strong><em>’</em></strong></span> <span class='ocrx_word' id='word_1_233' title='bbox 383 3543 1087 3610; x_wconf 83' lang='lat' dir='ltr'><strong>moediarum.Tralatio</strong></span> <span class='ocrx_word' id='word_1_234' title='bbox 1117 3544 1490 3608; x_wconf 69' lang='lat' dir='ltr'><strong>Graecarum</strong></span> <span class='ocrx_word' id='word_1_235' title='bbox 1521 3541 1906 3606; x_wconf 86' lang='lat' dir='ltr'><strong>dictionum.</strong></span> <span class='ocrx_word' id='word_1_236' title='bbox 1934 3541 2235 3608; x_wconf 83' lang='lat' dir='ltr'><strong>Auctoris</strong></span> <span class='ocrx_word' id='word_1_237' title='bbox 2267 3541 2396 3604; x_wconf 84' lang='lat' dir='ltr'><strong>vita</strong></span> <span class='ocrx_word' id='word_1_238' title='bbox 2416 3540 2535 3628; x_wconf 87' lang='lat' dir='ltr'><strong>(ex</strong></span> 
     </span>
    </p>
   </div>
   <div class='ocr_carea' id='block_1_5' title="bbox 383 3645 2539 3947">
    <p class='ocr_par' dir='ltr' id='par_1_8' title="bbox 383 3645 2539 3947">
     <span class='ocr_line' id='line_1_32' title="bbox 383 3645 2537 3738; baseline -0.002 -24"><span class='ocrx_word' id='word_1_239' title='bbox 383 3649 575 3714; x_wconf 88' lang='lat' dir='ltr'><strong>Petro</strong></span> <span class='ocrx_word' id='word_1_240' title='bbox 613 3649 916 3738; x_wconf 88' lang='lat' dir='ltr'><strong>Crinito)</strong></span> <span class='ocrx_word' id='word_1_241' title='bbox 949 3650 1206 3714; x_wconf 80' lang='lat' dir='ltr'><strong>Basileae</strong></span> <span class='ocrx_word' id='word_1_242' title='bbox 1240 3671 1346 3713; x_wconf 84' lang='lat' dir='ltr'><strong>an.</strong></span> <span class='ocrx_word' id='word_1_243' title='bbox 1369 3649 1751 3712; x_wconf 87' lang='lat' dir='ltr'><strong>MDXXIII.</strong></span> <span class='ocrx_word' id='word_1_244' title='bbox 1782 3685 1866 3696; x_wconf 88' lang='lat'><strong>-—</strong></span> <span class='ocrx_word' id='word_1_245' title='bbox 1893 3648 1968 3710; x_wconf 91' lang='lat' dir='ltr'><strong>In</strong></span> <span class='ocrx_word' id='word_1_246' title='bbox 2001 3645 2133 3710; x_wconf 85' lang='lat' dir='ltr'><strong>fine</strong></span> <span class='ocrx_word' id='word_1_247' title='bbox 2160 3669 2176 3710; x_wconf 79' lang='lat' dir='ltr'><strong><em>z</em></strong></span> <span class='ocrx_word' id='word_1_248' title='bbox 2232 3675 2257 3700; x_wconf 76' lang='grc' dir='ltr'><strong><em>κ</em></strong></span> <span class='ocrx_word' id='word_1_249' title='bbox 2278 3645 2537 3710; x_wconf 83' lang='lat' dir='ltr'><strong>Basileae</strong></span> 
     </span>
     <span class='ocr_line' id='line_1_33' title="bbox 384 3752 2530 3843; baseline -0.001 -23"><span class='ocrx_word' id='word_1_250' title='bbox 384 3755 562 3843; x_wconf 84' lang='lat' dir='ltr'><strong>apud</strong></span> <span class='ocrx_word' id='word_1_251' title='bbox 608 3756 779 3820; x_wconf 91' lang='lat' dir='ltr'><strong>And.</strong></span> <span class='ocrx_word' id='word_1_252' title='bbox 809 3755 1270 3837; x_wconf 81' lang='lat' dir='ltr'><strong>Cratandrum,</strong></span> <span class='ocrx_word' id='word_1_253' title='bbox 1305 3777 1529 3818; x_wconf 78' lang='lat' dir='ltr'><strong>mense</strong></span> <span class='ocrx_word' id='word_1_254' title='bbox 1558 3753 1930 3842; x_wconf 87' lang='lat' dir='ltr'><strong>Septembri</strong></span> <span class='ocrx_word' id='word_1_255' title='bbox 1962 3776 2067 3817; x_wconf 85' lang='lat' dir='ltr'><strong>an.</strong></span> <span class='ocrx_word' id='word_1_256' title='bbox 2100 3752 2468 3818; x_wconf 86' lang='lat' dir='ltr'><strong>MDXXIII</strong></span> <span class='ocrx_word' id='word_1_257' title='bbox 2487 3783 2530 3818; x_wconf 66' lang='grc' dir='ltr'><strong>ι».</strong></span> 
     </span>
     <span class='ocr_line' id='line_1_34' title="bbox 387 3849 2539 3947; baseline -0.001 -23"><span class='ocrx_word' id='word_1_258' title='bbox 387 3860 882 3925; x_wconf 85' lang='lat' dir='ltr'><strong>Cratandrinam</strong></span> <span class='ocrx_word' id='word_1_259' title='bbox 916 3861 1088 3925; x_wconf 86' lang='lat' dir='ltr'><strong>hanc</strong></span> <span class='ocrx_word' id='word_1_260' title='bbox 1121 3882 1260 3924; x_wconf 86' lang='lat' dir='ltr'><strong>esse</strong></span> <span class='ocrx_word' id='word_1_261' title='bbox 1292 3849 1334 3922; x_wconf 62' lang='grc' dir='ltr'><strong>θ’</strong></span> <span class='ocrx_word' id='word_1_262' title='bbox 1355 3852 1671 3925; x_wconf 84' lang='lat' dir='ltr'><strong>Brixiensi</strong></span> <span class='ocrx_word' id='word_1_263' title='bbox 1700 3857 1986 3947; x_wconf 79' lang='lat' dir='ltr'><strong>Pyladis,</strong></span> <span class='ocrx_word' id='word_1_264' title='bbox 2021 3858 2127 3920; x_wconf 89' lang='lat' dir='ltr'><strong>cui</strong></span> <span class='ocrx_word' id='word_1_265' title='bbox 2162 3856 2341 3920; x_wconf 87' lang='lat' dir='ltr'><strong>nulla</strong></span> <span class='ocrx_word' id='word_1_266' title='bbox 2378 3857 2539 3922; x_wconf 88' lang='lat' dir='ltr'><strong>fides</strong></span> 
     </span>
    </p>
   </div>
   <div class='ocr_carea' id='block_1_6' title="bbox 387 3963 2539 4047">
    <p class='ocr_par' dir='ltr' id='par_1_9' title="bbox 387 3963 2539 4047">
     <span class='ocr_line' id='line_1_35' title="bbox 387 3963 2539 4047; baseline -0 -18"><span class='ocrx_word' id='word_1_267' title='bbox 387 3966 469 4030; x_wconf 88' lang='lat' dir='ltr'><strong>sit</strong></span> <span class='ocrx_word' id='word_1_268' title='bbox 490 4015 511 4047; x_wconf 88' lang='lat'><em>,</em></span> <span class='ocrx_word' id='word_1_269' title='bbox 557 3967 718 4034; x_wconf 81' lang='lat' dir='ltr'><strong>dicit</strong></span> <span class='ocrx_word' id='word_1_270' title='bbox 745 3969 1240 4032; x_wconf 80' lang='lat' dir='ltr'><strong>Taubmannus.</strong></span> <span class='ocrx_word' id='word_1_271' title='bbox 1287 3965 1414 4030; x_wconf 89' lang='lat' dir='ltr'><strong>Sed</strong></span> <span class='ocrx_word' id='word_1_272' title='bbox 1449 3966 1677 4028; x_wconf 85' lang='lat' dir='ltr'><strong>titulus</strong></span> <span class='ocrx_word' id='word_1_273' title='bbox 1716 3965 1909 4030; x_wconf 77' lang='lat' dir='ltr'><strong>etiam</strong></span> <span class='ocrx_word' id='word_1_274' title='bbox 1943 3964 2245 4030; x_wconf 85' lang='lat' dir='ltr'><strong>Aldinam</strong></span> <span class='ocrx_word' id='word_1_275' title='bbox 2282 3963 2539 4028; x_wconf 84' lang='lat' dir='ltr'><strong>adhibi-</strong></span> 
     </span>
    </p>
   </div>
   <div class='ocr_carea' id='block_1_7' title="bbox 389 4067 2539 4242">
    <p class='ocr_par' dir='ltr' id='par_1_10' title="bbox 389 4067 2539 4242">
     <span class='ocr_line' id='line_1_36' title="bbox 389 4067 2539 4162; baseline 0 -28"><span class='ocrx_word' id='word_1_276' title='bbox 389 4087 524 4134; x_wconf 82' lang='lat' dir='ltr'><strong>tam·</strong></span> <span class='ocrx_word' id='word_1_277' title='bbox 558 4095 696 4137; x_wconf 86' lang='lat' dir='ltr'><strong>esse</strong></span> <span class='ocrx_word' id='word_1_278' title='bbox 739 4072 979 4162; x_wconf 84' lang='lat' dir='ltr'><strong>prodit.</strong></span> <span class='ocrx_word' id='word_1_279' title='bbox 1038 4075 1422 4140; x_wconf 82' lang='lat' dir='ltr'><strong>Asservatur</strong></span> <span class='ocrx_word' id='word_1_280' title='bbox 1475 4071 1543 4132; x_wconf 90' lang='lat' dir='ltr'><strong>in</strong></span> <span class='ocrx_word' id='word_1_281' title='bbox 1592 4069 1755 4136; x_wconf 83' lang='lat' dir='ltr'><strong>Bibl.</strong></span> <span class='ocrx_word' id='word_1_282' title='bbox 1812 4067 2294 4159; x_wconf 83' lang='lat' dir='ltr'><strong>Archipalatina</strong></span> <span class='ocrx_word' id='word_1_283' title='bbox 2347 4071 2539 4136; x_wconf 87' lang='lat' dir='ltr'><strong>Man-</strong></span> 
     </span>
     <span class='ocr_line' id='line_1_37' title="bbox 390 4177 611 4242; baseline 0 -2"><span class='ocrx_word' id='word_1_284' title='bbox 390 4177 611 4242; x_wconf 86' lang='lat' dir='ltr'><strong>hemii.</strong></span> 
     </span>
    </p>
   </div>
  </div>
 </body>
</html>
