3067 5017
873 453 1208 523 ACTUs
1257 455 1366 540 ιι,
1419 454 1871 523 SGENAL
2348 450 2437 549 37

296 572 593 666 Quando
637 572 707 641 id
747 572 930 669 quod
967 590 1068 643 sat
1103 590 1248 644 erat
1273 628 1292 663 ,
1330 577 1488 645 satis
1525 576 1773 644 habere
1802 573 2053 658 noluit,

295 691 443 782 Ego
485 710 764 781 pausam
799 684 972 753 feci':
1009 687 1104 755 sic
1138 710 1307 780 ago,
1342 688 1438 755 sic
1472 710 1583 755 me
1626 687 1831 755 decet.

298 802 446 891 Ego
491 797 645 866 faxo
691 794 1004 889 posthac,
1047 796 1117 864 di
1164 795 1436 891 deaeque
1479 799 1697 865 caeteri
1834 872 1853 885 ,

225 916 230 921 ’
299 906 772 977 Contentiores
809 928 1004 997 mage
1045 920 1282 993 erunt,
1321 921 1524 1001 atqve
1561 906 1737 975 avidi
1780 906 2036 995 minuS,
2400 925 2449 965 »⁵

299 1021 534 1108 Quom
576 1016 876 1103 scibunt,
907 1016 1162 1084 Veneri
1195 1030 1275 1085 ut
1311 1016 1549 1085 adierit
1582 1015 1735 1085 leno
1779 1042 2076 1088 manum.

305 1124 660 1219 Condigne
705 1148 1033 1217 aruspeX‚
1079 1149 1218 1193 non
1259 1125 1466 1195 homo
1511 1125 1821 1211 trioboli,

301 1234 642 1305 Omnibus
683 1234 752 1302 in
797 1234 969 1302 extis
1013 1234 1196 1306 aibat
1231 1235 1543 1329 portendi
1590 1236 1755 1303 mihi

301 1342 562 1413 Malum
601 1343 1090 1437 damnumque,
1126 1359 1196 1413 et
1238 1344 1396 1413 deos
1429 1370 1571 1415 esse
1610 1346 1815 1414 iratos
1852 1343 2036 1412 mihi.

303 1453 491 1542 Quid
529 1455 590 1521 ei
628 1452 834 1521 divini
871 1468 989 1521 aut
1029 1452 1306 1522 humani
1343 1454 1741 1548 aequom’est
1776 1452 2109 1522 credere?

302 1565 498 1633 Mina
536 1563 704 1630 mihi
742 1563 1004 1657 argenti
1041 1564 1220 1633 dono
1258 1564 1523 1659 postilla
1566 1564 1720 1633 data
1739 1562 1839 1632 'st.

303 1672 479 1758 Sed,
533 1696 790 1764 quaeso,
829 1672 1102 1741 ubinam
1149 1672 1284 1742 illic
1325 1675 1568 1742 restitit
1602 1671 1793 1741 miles
1830 1672 2071 1765 modo,

303 1784 446 1873 Qui
479 1783 655 1851 hanc
690 1781 854 1849 mihi
895 1782 1218 1852 donavit?
1250 1808 1449 1877 quem
1485 1808 1609 1878 ego
1646 1783 1877 1851 vocavi
1914 1781 1999 1850 ad
2033 1780 2413 1875 prandium.

305 1890 438 1961 sed
483 1916 717 1959 eccum
758 1890 1074 1961 incendit.
1121 1917 1284 1987 4151.
1327 1897 1430 1961 Ita
1475 1906 1555 1961 ut
1594 1891 1832 1986 obcepi
1878 1891 2131 1977 dicere,

305 2000 634 2085 Lenulle,
680 1998 764 2067 de-
803 1998 954 2069 illac
993 1987 1220 2093 pugna
1259 2002 1789 2094 ptenornithica‚
2404 2020 2455 2059 2⁵

309 2112 466 2199 Qua
504 2110 847 2203 sexaginta
891 2108 1104 2178 millia
1147 2111 1498 2179 hominum
1540 2136 1678 2179 uno
1716 2109 1825 2179 die

307 2220 773 2290 Volaticorum
810 2219 1120 2287 manibus
1156 2220 1380 2288 obeidi
1419 2220 1602 2288 meis.

311 2354 464 2401 mc,
500 2326 640 2399 Eh!
679 2324 1122 2397 volaticorum
1157 2330 1561 2399 hominum?
1594 2352 1763 2403 amu,
1802 2332 1909 2399 Ita
1938 2327 2089 2398 dico
2128 2327 2423 2426 quidem.

311 2518 477 2583 xerit,
503 2534 656 2570 suam
688 2516 805 2589 ipse
825 2535 1042 2573 manum
1067 2530 1214 2573 retro
1239 2530 1340 2573 tra·
1513 2517 1609 2571 25.
1630 2515 1849 2568 Lenullae.
1866 2512 2105 2567 Isidorus
2128 2514 2186 2573 in
2210 2512 2413 2567 Glossis
2436 2534 2450 2565 ε

311 2596 403 2650 hat
422 2637 439 2663 ,
486 2614 722 2666 eumque
753 2596 965 2649 inanem
1001 2608 1159 2667 atque
1190 2598 1340 2650 bian·
1429 2596 1635 2648 lenullus
1651 2614 1832 2665 parvus
1860 2594 2075 2645 [σει-αῖον.
2097 2594 2297 2645 Loeoan
2310 2590 2453 2645 idem

312 2689 421 2729 tem
435 2675 704 2728 destituat.
728 2675 845 2727 Hoc
861 2676 979 2727 loco
995 2688 1169 2729 autem
1184 2677 1336 2731 leno:
1428 2674 1577 2748 quod
1606 2675 1831 2728 scortari
1853 2684 1906 2725 et
1926 2672 2240 2737 lenocinari,
2254 2691 2283 2723 a
2308 2672 2457 2725 Gro-

313 2756 528 2820 Venus,
552 2754 746 2825 inquit,
773 2767 835 2807 ut
857 2774 1012 2809 avara
1035 2768 1134 2820 est,
1157 2756 1340 2825 plures
1427 2774 1494 2809 co
1517 2758 1694 2825 λαικᾷν
1728 2766 1783 2807 et
1807 2751 2075 2813 λαικάζιιν.
2110 2752 2343 2809 Samis.
2378 2782 2459 2801 ..-

313 2834 521 2888 assidue
551 2854 582 2889 a
617 2852 704 2885 me
734 2834 932 2887 hostias
964 2836 1304 2905 exspectabat
1325 2874 1340 2901 ,
1429 2867 1510 2879 --
1564 2836 1641 2887 De
1696 2834 1813 2884 illac
1864 2849 2036 2902 pugna
2083 2831 2460 2901 ptenomithica,

313 2912 548 2985 ideoque
573 2914 727 2965 litare
751 2932 840 2967 me
861 2914 1078 2966 nolebat
1101 2933 1114 2967 ε
1141 2927 1194 2968 at
1213 2933 1310 2985 ego
1326 2954 1343 2980 ,
1429 2914 1581 2967 Leno
1621 2912 1857 2973 lenimus,
1897 2922 1957 2962 ut
1994 2910 2159 2961 homo
2208 2910 2463 2965 homullus.

315 3012 384 3046 ne
423 2992 698 3065 prosecari
740 2991 958 3063 quidem
1003 3006 1120 3051 exta
1161 2994 1309 3051 volui
1328 3032 1350 3057 ,
1432 2990 1655 3051 Deinde·
1670 2988 2179 3059 scribendumnon2
2200 2990 2465 3058 utvulgo,

319 3090 538 3144 eamque
567 3072 804 3124 hiantem
837 3072 1061 3143 reliqui,
1097 3085 1150 3125 et
1180 3073 1256 3125 sic
1293 3074 1344 3126 ei
1425 3073 1825 3145 pentetlaronica,
1895 3086 2073 3138 neque
2129 3067 2458 3138 peleth-onim

319 3152 424 3205 adii
449 3169 687 3205 manum.
713 3151 940 3204 Mmufr.
1435 3170 1561 3209 cum
1586 3150 1877 3221 Stephano,
1896 3145 1993 3201 sed
2014 3149 2096 3200 vel
2112 3148 2462 3217 ptemmc'thica

399 3231 493 3285 13.
515 3232 672 3284 Pau-5.
692 3231 811 3297 feci.
839 3230 989 3283 Desii
1023 3230 1341 3285 sacrificare.
1433 3248 1560 3285 cum
1580 3226 1845 3292 Heraldo,
1862 3228 2250 3281 veinobiscum
2264 3238 2465 3296 ptenar-

403 3328 497 3382 ¹7·
525 3309 782 3379 Condigne
823 3330 1044 3381 aruspex.
1089 3310 1196 3375 Qui
1225 3311 1346 3380 jun·
1433 3310 1639 3363 nithiea.
1667 3307 1985 3377 Composuit
2014 3324 2203 3358 vocem
2242 3322 2308 3358 ex
2336 3324 2468 3361 πτη-

319 3388 552 3461 gendum
591 3402 810 3442 censent
839 3409 851 3440 ε
895 3412 918 3433 α
939 3390 1136 3445 Veneri
1167 3402 1229 3442 ut
1257 3387 1352 3442 ad-
1435 3392 1514 3453 νὸς
1535 3390 1731 3459 ειὸρνις
1750 3388 1946 3457 ὄρνιθος.
1974 3385 2157 3439 Gnon.

319 3471 441 3523 ierit
463 3470 592 3521 leno
621 3486 843 3520 manum
869 3468 1160 3540 condigne.
1201 3468 1348 3521 Aru·
1522 3486 1615 3537 ²7·
1665 3465 1997 3519 Volaticorum
2026 3465 2152 3515 hom.
2181 3460 2329 3515 Vide
2360 3462 2464 3516 hu·

317 3567 445 3620 apex
477 3574 499 3596 ι
543 3569 557 3599 2
603 3560 658 3600 et
691 3547 986 3617 explicant,
1032 3561 1193 3619 prout
1217 3548 1359 3601 irata.
1425 3545 1663 3619 jusmodi
1705 3546 1960 3599 militares
1993 3560 2187 3616 nugas,
2214 3542 2333 3600 Mil.
2368 3556 2466 3601 act.

318 3630 404 3682 vel
431 3626 626 3681 infesta
651 3628 839 3679 Venus
871 3626 938 3681 de
975 3645 1064 3679 me
1105 3628 1350 3681 mereba-
1429 3628 1487 3692 1·,
1515 3644 1587 3679 sc.
1610 3645 1665 3679 1.

321 3721 436 3774 tur;
475 3704 772 3760 ostendunt
799 3725 854 3759 se
895 3706 1142 3759 nondum
1169 3706 1348 3760 obser·
1523 3706 1616 3759 28¹.
1644 3704 1729 3760 El·
1744 3712 1772 3756 ‚¹2
1780 3706 2121 3757 volaticorum.
2145 3700 2232 3755 Sic
2266 3702 2464 3756 Grute-

319 3806 492 3853 vasse‚
519 3784 797 3857 quomodo
825 3786 1056 3839 ..Plautus
1091 3786 1191 3838 hac
1216 3804 1356 3839 voce
1435 3804 1556 3851 rus,
1584 3799 1750 3857 quum
1782 3783 2001 3837 inMSS
2030 3793 2197 3847 esset,
2222 3795 2285 3835 ut
2305 3796 2377 3835 -et
2404 3783 2464 3835 in
2488 3828 2496 3835 .

318 3868 482 3920 solat
502 3865 613 3931 uti,
649 3862 800 3935 qnod
826 3877 880 3918 et
911 3884 1072 3938 supra
1097 3868 1204 3935 jam
1228 3884 1352 3935 pro-
1437 3859 1625 3917 nostro
1637 3861 1800 3929 Acad.
1817 3862 2156 3915 evolaticorum
2170 3879 2191 3913 .·
2207 3880 2311 3931 pro
2324 3882 2401 3925 eu,
2420 3862 2457 3914 i.

319 3944 597 3999 diderunt.
612 3946 647 3998 J
653 3956 776 3997 uxta
798 3944 966 3997 futilis
989 3957 1042 3997 et
1064 3945 1182 4014 pari
1207 3944 1354 3997 vani·
1441 3962 1488 3997 e.
1503 3944 1647 4005 elaeu5
1671 3936 1717 4014 q*v
1846 3959 1959 3993 non
1985 3938 2147 3994 modo
2166 3940 2462 3993 lamentan-

319 4038 427 4079 tate
457 4042 722 4095 aruspex,
753 4024 946 4095 inquit.
967 4024 1354 4079 Gamm--Non
1441 4023 1543 4087 tis,
1573 4021 1664 4075 sed
1690 4035 1744 4075 et
1776 4040 1805 4073 a
1847 4020 2088 4073 mirantis
2116 4036 2227 4071 esse
2244 4021 2350 4091 jam
2370 4037 2469 4071 no·

323 4106 460 4157 leomo
479 4104 699 4169 trioboli,
715 4120 874 4173 quem
887 4104 972 4156 vel
990 4104 1224 4157 triobolo
1241 4122 1354 4157 non
1443 4113 1627 4155 terunt
1657 4099 1713 4153 in
1824 4120 1855 4154 c
1878 4100 2067 4153 fabula
2084 4135 2101 4162 ‚
2125 4100 2254 4163 Vsa
2275 4138 2290 4164 ,
2335 4116 2356 4151 1
2372 4104 2465 4168 157,

319 4186 600 4239 aestimem.
627 4182 802 4253 Supra
823 4184 852 4239 1
868 4220 886 4249 ,
909 4202 940 4237 ι
959 4220 976 4251 ,
1001 4184 1094 4237 68.
1446 4195 1502 4235 et
1527 4178 1674 4235 RudL
1692 4181 1747 4234 11
1762 4218 1779 4247 .,
1856 4219 1872 4246 ,
1902 4198 1953 4233 ο.
1986 4171 2170 4233 Gnozc'.
2260 4208 2263 4213 ·

3032 24 3043 73 -ι-
