3067 5017
513 479 658 525 220
1357 449 1823 533 RUDEN&

518 582 724 650 Nunc
759 574 944 645 abire
975 574 1138 643 hinc
1173 572 1364 642 decet
1399 598 1545 641 nos,
1584 596 1755 641 Amr.
1792 573 1985 661 Qu0‚
2022 573 2297 659 amabo,
2328 572 2624 641 ibimus?

416 666 424 679 ⁵
524 713 680 757 PAL.
729 675 926 756 Litus
961 685 1092 753 hoc
1127 708 1630 778 persequamur.
1668 706 1844 753 ΑΜΡ.
1887 686 2152 775 Sequor
2184 708 2320 777 quo
2357 682 2566 751 lubet.
2620 705 2675 742 3ο

517 822 679 868 PAL.
722 797 988 867 Siccine
1019 796 1170 865 heic
1202 820 1356 864 cum
1388 794 1591 863 uvida
1624 808 1805 862 veste
1838 793 2329 887 grassabimur?

513 932 692 977 AMP.
729 910 877 976 Hoc
912 905 1094 999 quod
1133 919 1263 992 est,
1301 904 1368 972 id
1407 902 1856 973 necessarium
1872 902 1955 970 ’st
1993 904 2271 996 perpeti.

507 1017 641 1087 Sed
681 1015 1065 1111 quid-hoc,
1129 1016 1442 1103 obsecro,
1495 1015 1647 1083 est?
1691 1037 1853 1083 PAL.
1906 1013 2139 1103 Quid?
2175 1038 2345 1083 AMP.
2400 1012 2669 1099 Viden’‚

808 1127 1092 1214 amabo,
2158 1147 2161 1153 ·

509 1240 771 1306 Fanum
793 1288 812 1320 ‚
855 1235 1132 1305 videsne
1164 1233 1345 1304 hoc?
1378 1257 1539 1305 ΡΜ..
1577 1232 1717 1304 Ubi
1750 1232 1892 1302 est?
1937 1256 2116 1312 nm.
2156 1232 2264 1303 Ad
2298 1230 2665 1301 dexteram.
2758 1288 2767 1297 .

509 1368 669 1415 PAL.
711 1344 932 1415 Video
971 1343 1292 1415 decorum
1331 1343 1434 1413 dis
1467 1343 1693 1413 locum
1734 1342 2041 1412 viderier.
2518 1396 2549 1405 ..
2618 1369 2675 1407 35

507 1479 685 1525 AMP.
725 1450 926 1524 Haud
959 1454 1156 1551 longe
1191 1456 1422 1523 abesse
1456 1468 1727 1547 oportet
1759 1453 2067 1522 homines
2095 1453 2295 1541 hino,
2333 1454 2427 1522 ita
2454 1442 2605 1523 heic

505 1563 854 1660 Lepidu'st
885 1563 1072 1635 locus
1111 1590 1126 1633 ε
1161 1590 1386 1651 nunc,
1427 1564 1732 1658 quisquis
1764 1578 1866 1632 est
1904 1563 2105 1646 deus,
2148 1589 2453 1651 veneror,
2508 1618 2513 1625 .

515 1676 614 1743 Ut
659 1700 779 1743 nos
818 1699 899 1744 ex
933 1674 1062 1742 hac
1107 1698 1406 1743 aerumna
1443 1675 1717 1742 miseras
1754 1674 2036 1757 eximat,

527 1786 808 1879 InopeS,
836 1808 1250 1854 aerumnosas
1285 1798 1359 1852 ut
1390 1780 1618 1877 aliquo
1656 1782 1905 1852 auxilio
1938 1782 2231 1877 adjuvet.

1031 2020 1486 2111 SCENA
1570 2019 2145 2137 QUINTA.

752 2256 1262 2341 SACERDOS,
1314 2222 1850 2341 PALAESTRA‚
1904 2254 2437 2325 AMPELISCA.

513 2500 667 2547 sac.
700 2475 839 2566 Qui
875 2490 1070 2560 suut,
1111 2476 1226 2567 qui
1262 2500 1300 2543 a
1339 2488 1623 2570 patrona
1658 2498 1888 2568 preces
1926 2498 2073 2542 mea
2106 2474 2574 2567 expetessunt?

515 2588 691 2655 Nam
734 2610 865 2654 vox
896 2600 1290 2679 precantum
1321 2610 1428 2652 me
1455 2583 1590 2652 huc
1632 2583 1809 2653 foras
1840 2585 2175 2653 excitavit.

515 2699 770 2764 Bonam
797 2710 1000 2790 atque
1041 2696 1515 2787 obsequentem
1558 2694 1788 2782 deam,
1832 2710 2033 2789 atque
2070 2694 2255 2763 haud
2291 2712 2633 2792 gravatam

513 2808 878 2875 Patronam
913 2820 1389 2899 exsequontur,
1426 2804 1924 2899 benignamque
1953 2806 2268 2874 multum.

514 2938 673 3008 PAL.
705 2914 1030 2983 ,iubemus
1069 2928 1130 2982 te
1176 2912 1464 3001 salvere,
1500 2930 1736 2983 mater.
1783 2938 1929 2985 sac.
1971 2914 2271 3002 salvete,
2648 2948 2669 2985 ⁵

515 3022 760 3094 Puellae
794 3022 964 3095 :.sed
1002 3022 1180 3091 unde
1213 3049 1332 3092 vos
1373 3024 1470 3092 ire
1506 3020 1659 3093 cum
1708 3025 1911 3093 uvida

509 3137 714 3202 Veste
753 3132 968 3201 dicam
992 3186 1011 3215 ,
1045 3133 1358 3222 obsecm,
1403 3148 1541 3203 tam
1580 3126 1905 3204 inoestiter
1947 3136 2263 3205 vestitas?

511 3267 671 3313 PAL.
707 3240 924 3311 Inlico
959 3241 1120 3311 hinc
1158 3244 1331 3312 imus
1372 3244 1555 3312 haud
1594 3244 1862 3339 longule
1898 3270 1980 3314 ex
2011 3245 2143 3315 hoc
2180 3245 2370 3315 loco:

597 3418 686 3467 ²9·
721 3400 934 3453 Amabo.
964 3399 1137 3453 Casin.
1164 3403 1220 3465 1,
1251 3420 1300 3466 1,
1331 3408 1424 3469 49.
1634 3402 2081 3473 compellantibus
2105 3416 2281 3457 matres
2304 3405 2555 3458 salutare.
2575 3406 2672 3459 Pe·

594 3480 688 3549 37.
711 3479 861 3533 Nunc
877 3517 892 3543 ,
919 3484 1132 3553 quisquis
1161 3492 1236 3533 est
1270 3481 1406 3533 deus.
1432 3482 1545 3534 Ve·
1634 3494 1781 3534 tron.
1807 3508 1830 3529 α
1848 3482 2059 3537 Accedo
2078 3485 2345 3537 aniculam
2361 3484 2669 3556 quamdam,

509 3572 646 3612 teres
671 3578 742 3612 ne
771 3577 956 3612 errore
989 3560 1314 3622 laberentur,
1348 3560 1416 3613 de
1445 3580 1545 3613 no·
1634 3580 1755 3633 quae
1782 3569 1984 3632 agreste
2016 3564 2134 3616 olus
2152 3564 2454 3630 vendebat,
2477 3566 2631 3636 Rogo
2652 3604 2669 3630 ,

509 3640 656 3691 mine
681 3638 768 3691 dei
793 3638 1018 3709 alicujus
1039 3653 1188 3693 certo
1211 3638 1545 3706 dubitantes,
1632 3644 1851 3712 inquam
1870 3680 1887 3706 ,
1915 3655 2097 3708 mater,
2140 3643 2425 3715 numquid
2444 3644 2667 3699 scis·ubi

510 3717 692 3772 dicere
717 3715 958 3771 solebant
983 3737 996 3771 ε
1033 3720 1265 3792 Quisquis
1292 3740 1357 3774 es.
1389 3720 1543 3791 Virg.
1634 3739 1734 3792 ego
1753 3721 1989 3773 habitem
2007 3760 2022 3785 ,
2046 3735 2148 3776 ete.
2172 3750 2195 3771 a
2229 3724 2456 3779 Wouw.
2520 3731 2526 3739 ⁴
2558 3746 2565 3751 ·

509 3802 634 3850 AEn.
674 3799 779 3859 IV,
824 3799 936 3868 577
970 3819 983 3849 :
1027 3820 1048 3841 ε
1188 3800 1463 3871 sequimur
1495 3813 1547 3854 te
1716 3804 1769 3856 8.
1802 3802 1977 3855 lazico.
2010 3802 2065 3854 Si
2096 3822 2302 3873 quaeras
2337 3802 2483 3857 unde
2520 3821 2669 3856 nune

507 3888 710 3940 sancte,
729 3874 978 3942 deorum,
998 3878 1252 3951 Quisquis
1269 3880 1545 3933 es·.Mnn.
1637 3882 1942 3946 veniamus;
1978 3882 2106 3935 hinc
2136 3878 2488 3944 (demonstrat
2518 3902 2671 3935 mare

513 3988 594 4000 --
617 3957 853 4009 Veneror.
883 3958 1078 4011 Bacch.
1109 3960 1192 4026 11,
1223 3979 1273 4024 1,
1311 3964 1405 4023 41.
1636 3957 1984 4031 proxumum)
2006 3963 2269 4016 venimus.
2298 3962 2405 4015 sed
2430 3963 2494 4027 si,
2522 3962 2668 4015 unde

605 4037 1082 4101 2.Excitavit.Vid.
1095 4040 1292 4111 Amph.
1313 4040 1361 4103 Ι,
1384 4058 1435 4103 1,
1457 4056 1547 4091 ιο.
1635 4052 1797 4093 vectae
1812 4078 1829 4104 ,
1848 4053 2003 4094 antea
2026 4042 2287 4095 fuerimus
2308 4042 2365 4095 in
2388 4042 2484 4095 h'as
2498 4044 2671 4113 regio·

591 4122 644 4179 4.
677 4117 1046 4187 Exsequoneur.
1071 4119 1440 4189 experiuntur.
1632 4137 1755 4183 nes,
1782 4120 1941 4192 longe
1968 4134 2049 4175 est
2078 4122 2207 4175 hinc
2242 4118 2462 4193 (patrias
2492 4121 2666 4175 Athe·

597 4195 650 4249 5.
705 4195 933 4261 Salvere,
981 4211 1149 4251 neuter.
1196 4198 1427 4251 Solennc
1467 4212 1547 4252 est
1633 4217 1727 4251 nas
1750 4199 1803 4251 in
1832 4211 2012 4255 mente
2037 4190 2240 4270 habet).
2278 4202 2348 4255 N.
