3067 5017
813 343 822 355 ·
912 345 1254 414 Acrus
1303 345 1405 430 V,
1455 345 1781 417 scENA
1833 348 1966 414 ιν.
2366 348 2505 422 353

361 473 616 540 Tamen
653 466 884 536 ludere
912 469 1089 536 inter
1111 491 1268 536 nos:
1300 481 1667 561 strategum
1694 483 1761 537 te
1787 467 1962 537 facio
1992 468 2150 538 huic
2175 475 2507 544 convivio.

363 579 893 651 s‘rlcn.Nimium
911 577 1128 672 lepide
1142 579 1207 645 in
1232 592 1520 646 mentem
1540 577 1757 650 venit:
1780 579 2006 672 potius
2026 579 2092 646 in
2114 561 2429 653 subsellio
2462 621 2507 646 ιι
2568 649 2571 656 .

363 693 612 786 Cynice
649 689 1084 784 adcipiemur,
1129 713 1331 781 quam
1362 687 1433 755 in
1467 687 1689 762 lectis.
1738 667 1893 760 sAG.
1943 693 2091 758 Imo
2130 692 2307 764 enim
2358 695 2508 767 heic

655 800 805 868 heic
839 800 1052 893 magis
1089 814 1186 867 est
1225 798 1506 878 dulciuS.

361 911 496 982 Sed
533 911 800 979 interim
822 964 841 998 ,
885 924 1174 1005 stratege
1209 924 1463 995 noster,
1507 935 1630 978 cur
1661 909 1811 978 heic
1856 928 2068 991 cessat
2104 915 2512 986 cantharus?

360 1020 569 1108 Vide,
615 1034 782 1115 quot
817 1019 1090 1114 cyathos
1128 1018 1440 1088 bibimus,
1490 1043 1669 1090 s‘rm.
1719 1023 1879 1107 Tot,
1914 1036 2081 1113 quot
2124 1023 2318 1118 digiti
2356 1043 2513 1096 sunt

656 1130 781 1198 tibi
817 1131 888 1197 in
927 1154 1154 1199 manu.
1578 1205 1583 1208 ,

363 1241 608 1310 Cautio
645 1254 744 1307 est
779 1241 1050 1308 Graeca:
1089 1240 1125 1315 ἢ
1166 1243 1342 1308 πέντε
1379 1235 1518 1324 πῖν’,
1554 1239 1591 1315 ἢ
1625 1240 1750 1333 τρὶς
1782 1236 1926 1325 πῖν’,
1958 1241 1994 1317 ἢ
2032 1247 2114 1336 μὴ
2147 1245 2428 1339 τέτταρα.
2461 1268 2509 1307 ,5

361 1375 520 1424 SAG.
541 1350 692 1420 Tibi
720 1350 1010 1446 propino
1036 1349 1385 1419 decumam
1406 1374 1443 1417 a
1463 1349 1684 1418 fonte:
1707 1349 1829 1418 tibi
1844 1364 2003 1420 ‘tute
2029 1352 2205 1440 inde,
2227 1353 2281 1422 si
2306 1360 2505 1451 sapis.

447 1576 535 1610 πο.
555 1555 763 1608 Ludere.
787 1553 872 1606 Cf.
895 1552 1016 1605 Mil.
1034 1552 1115 1617 11,
1149 1571 1177 1604 a
1197 1590 1214 1618 ‚
1239 1570 1293 1620 9.
1314 1582 1395 1594 —-

363 1634 660 1706 Strategum.
684 1631 824 1687 Vide
852 1631 999 1685 Pers.
1014 1632 1088 1698 V,
1122 1647 1176 1696 1,
1209 1633 1299 1685 18.

446 1736 473 1768 a
491 1736 538 1788 ¹.-
571 1717 629 1768 In
659 1713 899 1767 subsellio.
922 1713 988 1764 In
1014 1710 1293 1764 humiliori
1314 1729 1393 1763 se·

359 1795 459 1862 de,
492 1795 822 1866 Cynicorum
859 1809 1026 1844 more.
1069 1792 1271 1843 Notum
1316 1805 1394 1844 est

359 1889 568 1931 veteres
617 1887 670 1927 et
715 1876 986 1926 Romanos
1038 1884 1093 1925 et
1148 1865 1391 1936 Graecos,

357 1975 470 2010 non
495 1953 690 2008 sedisse
714 1951 784 2006 ad
809 1969 1046 2004 mensam
1065 1989 1082 2015 ,
1118 1948 1212 2003 sed
1237 1967 1391 2003 accu-

356 2036 553 2090 buisse.
603 2034 779 2098 Quem
839 2049 1045 2084 morem
1099 2030 1389 2082 etiamnum

357 2116 645 2187 plerusque
689 2112 885 2165 Oriens
927 2121 1170 2181 usurpat.
1216 2110 1390 2163 Aliter

357 2195 459 2248 fuit
498 2190 863 2247 vetustissimis
903 2190 1010 2242 illis
1055 2201 1108 2241 et
1159 2189 1390 2242 heroicis

357 2273 724 2345 temporibus:
755 2289 876 2324 nam
915 2282 969 2322 et
994 2271 1260 2322 Homerus
1290 2268 1388 2320 he-

357 2373 478 2408 roas
517 2372 640 2407 suos
677 2365 731 2405 et
762 2367 955 2421 procos
990 2348 1282 2419 Penelopes
1307 2367 1388 2400 se-

358 2434 542 2487 dentes
565 2432 690 2484 facit
708 2432 762 2483 in
780 2428 1046 2493 convivio,
1069 2440 1123 2480 et
1147 2427 1387 2482 Catullus

355 2515 414 2566 in
434 2513 638 2584 nuptiis
656 2510 818 2564 Pelei.
861 2509 1008 2561 Servi
1038 2509 1165 2560 item
1195 2519 1247 2560 et
1275 2527 1386 2560 sor-

355 2591 470 2647 didi
517 2589 790 2646 interdum
825 2587 1030 2658 ‘Cynici
1078 2586 1385 2658 philosophi

354 2672 422 2726 ad
447 2691 682 2725 mensam
703 2689 815 2722 non
835 2668 1253 2721 accumbebant:
1275 2685 1384 2737 quo

352 2753 588 2823 respexit
615 2751 703 2803 hic
730 2750 978 2802 Plautus:
1009 2747 1118 2798 imo
1147 2758 1199 2798 et
1225 2745 1384 2799 liberi

355 2832 423 2885 ad
463 2832 635 2884 fulcra
667 2831 934 2882 -lectorum
979 2825 1248 2898 pedesque
1292 2842 1384 2895 pa-

351 2923 569 2964 rentum
588 2910 800 2963 sedentes
823 2908 1170 2960 vescebantur
1193 2925 1210 2958 t
1230 2907 1383 2976 quasi

352 2991 578 3044 luxuriae
623 2990 756 3043 ritus
805 2987 887 3039 illi
934 2986 1070 3038 aetati
1133 2985 1380 3038 ordinive

351 3091 464 3124 non
491 3070 733 3124 decorus.
762 3067 1024 3137 vulgatus
1055 3078 1230 3119 tamen
1263 3084 1380 3118 mos

353 3165 467 3206 erat
512 3150 826 3203 accumbere
870 3147 926 3198 in
966 3146 1118 3198 lectis
1143 3184 1158 3210 ,
1195 3158 1248 3198 et
1290 3145 1378 3198 hic

351 3231 466 3283 fere
491 3230 645 3283 talis:
680 3229 736 3280 in
768 3225 1036 3280 coenaculo
1065 3243 1249 3278 mensa
1273 3225 1382 3278 col·

350 3311 626 3364 Iocabatur
659 3305 920 3370 rotunda,
954 3305 1200 3370 humilis,
1239 3305 1378 3357 infe·

350 3391 556 3443 riorum
598 3387 816 3459 quidem
854 3385 1136 3438 hominum
1179 3385 1345 3455 tripes
1364 3423 1380 3449 ‚

351 3465 408 3522 e't
455 3489 518 3522 ex
564 3467 793 3538 simplici
840 3465 1026 3536 ligno,
1083 3465 1379 3517 lautiorum

351 3549 514 3602 citrea
544 3560 636 3600 aut
675 3564 892 3610 acerna,
931 3557 1024 3596 aut
1053 3543 1251 3597 lamina
1293 3562 1379 3596 ar-

347 3641 534 3700 gentea
563 3627 792 3690 intecta;
824 3643 987 3696 quam
1023 3642 1116 3694 pes
1142 3624 1378 3680 eburnus

348 3709 692 3769 fabrefactus,
727 3719 856 3777 puta
882 3705 941 3756 in
970 3701 1194 3756 modum
1221 3701 1378 3772 pardi

349 3800 444 3841 aut
463 3785 972 3851 leonis,sustinebat.
987 3783 1210 3835 Circum
1232 3800 1381 3834 men-

351 3885 462 3920 sam
495 3880 600 3920 tres
625 3877 687 3917 ut
718 3863 1013 3936 plurimum
1047 3861 1174 3913 lecti
1199 3873 1376 3920 erant,

349 3966 416 4000 ex
459 3965 566 4018 quo
592 3944 840 3998 Triclinii
869 3959 1099 4005 nomeu,
1137 3940 1224 3992 vel
1260 3937 1374 3992 duo

351 4027 511 4079 etiam
532 4065 547 4090 ‚
581 4023 726 4095 quod
757 4024 976 4074 Plautus
991 4021 1250 4072 Biclinium
1279 4037 1375 4070 vo·

350 4119 452 4159 cat.
504 4107 551 4158 Ii
599 4123 765 4175 porro
809 4102 935 4155 lecti
979 4099 1380 4153 instruebantur

500 4206 646 4272 ΙΙΙ.

1479 1552 1659 1605 aulaeis
1673 1592 1690 1619 ‚
1711 1571 1953 1624 purpura
1978 1567 2070 1607 aut
2091 1555 2197 1610 alia
2215 1572 2359 1612 veste
2380 1572 2513 1616 stra-

1479 1632 1632 1702 gula,
1674 1651 1775 1702 pro
1816 1633 1971 1704 copia
2000 1648 2091 1688 aut
2120 1627 2303 1706 inopia
2328 1640 2513 1694 convi-

1477 1711 1693 1764 vatoris.
1718 1711 1784 1763 Id
1806 1712 1907 1764 sub
1930 1712 2121 1766 horam
2142 1733 2303 1770 coenae
2326 1718 2510 1786 fiebat,

1477 1809 1598 1862 quae
1634 1803 1744 1844 erat
1784 1804 1845 1843 ut
1875 1792 2175 1862 plurimum
2212 1794 2319 1848 diei
2347 1817 2511 1854 nona.

1477 1869 1584 1922 Sed
1602 1870 1915 1940 priusquam
1942 1874 2347 1941 accumberent,
2368 1890 2515 1949 togas

1475 1950 1755 2003 mutabant
1779 1950 2038 2016 vestibus,
2069 1971 2199 2023 quas
2219 1973 2248 2008 a
2276 1973 2335 2007 re
2358 1977 2515 2010 coena-

1476 2033 1603 2081 toria
1645 2028 1915 2084 dixerunt.
1955 2031 2097 2084 Tum
2138 2033 2297 2086 etiam
2345 2037 2513 2091 soleas

1472 2108 1704 2178 pedibus
1732 2108 2040 2174 demebant‚
2061 2129 2133 2164 ne
2158 2113 2357 2167 lectum
2382 2134 2512 2170 con·

1471 2203 1803 2259 spurcat-ent.
1818 2189 2170 2261 occupabant
2182 2208 2359 2247 autem
2375 2198 2515 2250 terni

1471 2280 1564 2320 aut
1586 2268 1904 2340 plerumque
1932 2272 2177 2340 quaterni
2221 2292 2387 2326 unum
2427 2276 2508 2330 le-

1471 2359 1639 2400 ctum.
1660 2349 1713 2400 Si
1736 2349 1944 2419 plures,
1966 2348 2245 2404 sordidum
2278 2353 2509 2409 habeba·

1471 2437 1578 2480 tur.
1602 2428 1683 2480 Ita
1706 2427 1893 2492 fiebat,
1920 2441 1981 2480 ut
2004 2446 2071 2481 ex
2097 2449 2203 2482 una
2230 2437 2506 2489 communi

1469 2524 1653 2560 mensa
1684 2507 1780 2560 vix
1822 2524 1978 2576 supra
2014 2525 2101 2560 xn
2139 2525 2506 2569 vescerentur.

1467 2586 1646 2719 Lndsd.
1665 2666 1833 2734 Magc's
1858 2666 2063 2720 dulcius.
2090 2666 2221 2721 Vid.
2245 2668 2507 2728 Menaech.

1467 2745 1687 2816 Prolog.
1709 2746 1804 2799 55.

1554 2832 1647 2886 πά.
1670 2826 1807 2894 Quot
1829 2827 2044 2898 cyathos.
2069 2827 2216 2881 Pers.
2231 2829 2307 2892 V,
2338 2849 2385 2893 1,
2413 2849 2503 2900 19.

1467 2933 1548 2952 --
1569 2905 1813 2967 Bibtmus,
1847 2920 1980 2976 quot
2012 2907 2201 2960 bibere
2232 2923 2503 2979 oporteat.

1553 2985 1643 3038 25.
1682 2985 1864 3038 Cautio
1886 2998 1959 3036 est
1979 3006 2174 3055 ἔπεσα,
2196 2987 2253 3040 id
2278 3001 2384 3054 est,
2407 3001 2501 3044 aut

1465 3065 1711 3136 quinque
1746 3065 1907 3129 bibe,
1950 3079 2043 3119 aut
2084 3077 2223 3132 tres,
2262 3081 2352 3121 aut
2388 3089 2499 3122 non

1463 3157 1732 3215 quattuor.
1754 3145 1869 3198 Non
1896 3157 2126 3215 quattuor
2149 3159 2327 3201 autem
2346 3187 2361 3212 ‚
2390 3149 2426 3202 i.
2452 3167 2498 3203 e.

1461 3224 1721 3295 quinque.
1750 3223 1900 3279 Hanc
1923 3223 2222 3281 cantionem
2255 3229 2499 3284 Eustath.
2554 3229 2558 3234 ’

1461 3305 1518 3356 in
1546 3304 1643 3355 lib.
1666 3304 1692 3355 Ι
1725 3301 1921 3374 Odyss.
1956 3304 2188 3376 explicat
2218 3319 2271 3359 et
2295 3308 2494 3362 Athen.

1459 3383 1559 3436 lib.
1588 3384 1657 3434 X.
1688 3383 1867 3435 Luni.

1550 3465 1639 3516 26.
1662 3461 1931 3514 Decumum
1964 3483 1996 3514 a
2016 3465 2177 3531 fonte.
2212 3464 2351 3518 MSS
2392 3483 2494 3520 sec.

1463 3555 1516 3596 et
1571 3561 1756 3596 omnes
1806 3555 1938 3596 vett.
1979 3542 2104 3597 edd.
2147 3545 2362 3598 decuma.
2420 3548 2495 3599 At

1465 3623 1603 3675 MSS
1644 3641 1729 3692 pr.
1776 3622 2021 3674 decumam
2067 3644 2098 3674 a
2127 3625 2307 3691 fonte,
2350 3625 2501 3696 quod

1465 3702 1632 3767 valet,
1664 3719 1813 3771 aquae
1844 3701 2047 3755 decima
2071 3716 2254 3773 parte,
2282 3703 2503 3758 auctore

1466 3781 1742 3835 Turnebo.
1778 3781 1855 3833 At
1890 3787 2019 3834 &ero
2048 3784 2265 3846 Douza‚
2286 3785 2463 3838 -Hanc
2482 3821 2499 3848 ‚

1467 3861 1678 3932 inquit,
1742 3860 2023 3913 lectionem
2076 3880 2179 3932 pro
2248 3876 2515 3935 corrupta

1473 3939 1627 3993 ducit
1674 3938 1886 4007 Lipsius
1917 3977 1934 4003 ‚
1999 3959 2061 3994 ac
2118 3943 2507 3997 restituendam

1472 4020 1579 4072 hoc
1606 4017 1771 4072 modo
1794 4038 1808 4072 ε
1840 4020 1998 4072 -Tibi
2025 4022 2260 4093 propino
2288 4021 2511 4088 decem„

1474 4096 1696 4152 affunde
1747 4112 1801 4153 tu
1849 4100 1946 4153 tibi
1994 4099 2153 4167 inde,
2201 4102 2245 4154 si
2285 4104 2426 4175 sapis
2454 4129 2503 4158 n·-

2182 4199 2271 4270 23
