3067 5017
601 393 752 487 256,
1449 394 1506 459 R
1521 394 1587 461 U
1603 393 1668 459 D
1684 393 1901 479 ENS‚

596 544 788 591 DAEM.
824 521 1002 613 Age,
1026 514 1261 609 adcipe
1291 513 1490 584 illanc
1523 513 1805 584 alteram
1842 514 2137 607 clavam,
2166 520 2459 615 Sparaxg

482 680 489 694 ,
589 636 766 726 Age,
810 628 977 697 alter
1017 626 1254 711 istinc,
1288 623 1457 694 alter
1485 626 1647 693 hinc
1683 625 2005 696 adsistite.

593 740 912 837 Adsistite
944 738 1143 808 ambo
1173 763 1188 805 :
1224 733 1350 807 sic!
1391 736 1619 805 audite
1669 762 1851 805 nunc
1888 738 2027 829 jam
2062 765 2078 807 ε
2160 718 2170 735 ⁹

598 854 706 939 Si,
736 848 992 931 hercle,
1042 847 1180 918 illic
1215 845 1364 916 illas
1396 847 1599 916 hodie
1644 847 1857 941 digito
1893 849 2194 943 tetigerit
2697 877 2753 914 30

591 963 883 1045 InvitaS‚
922 962 992 1027 ni
1037 961 1256 1028 istunc
1297 958 1439 1027 istis
1476 958 1866 1026 invitassitis

593 1074 826 1165 Usque
859 1069 1055 1155 adeo,
1090 1069 1338 1151 donee,
1369 1093 1501 1161 qua
1533 1067 1814 1137 domum
1848 1069 2046 1138 abeat
2066 1122 2084 1155 ‚
2118 1073 2407 1161 nesciat,

592 1158 866 1265 s'eristis
903 1180 1126 1249 ambo.
1169 1179 1238 1247 Si
1276 1175 1642 1271 adpellabit
1682 1179 2107 1273 quempiam,

591 1293 732 1360 Vos
776 1289 1245 1384 respondetote
1283 1274 1480 1357 istinc
1527 1288 1805 1357 istarum
1854 1290 2114 1359 vicem:

594 1400 711 1469 Sin
753 1402 893 1493 ipse
927 1400 1110 1468 abire
1151 1398 1310 1467 hinc
1349 1396 1571 1482 volet,
1610 1413 1939 1491 quantum
1978 1415 2237 1493 potest,
2694 1422 2747 1461 ³⁵

595 1508 950 1607 Extemplo
987 1508 1442 1603 amplectitote
1481 1532 1679 1576 crura
1719 1507 2032 1577 fustibus.

591 1645 794 1691 Lusa.
831 1622 1052 1691 Etiam
1088 1645 1195 1689 me
1230 1619 1416 1687 abire
1444 1617 1605 1687 hinc
1643 1644 1781 1687 non
1822 1619 2085 1689 sinent?
2125 1644 2315 1691 DAEM.
2354 1623 2516 1691 Dixi
2560 1625 2739 1693 satis,

588 1735 676 1801 Et
714 1731 822 1802 ille
860 1732 976 1800 ubi
1013 1756 1240 1799 servos
1277 1754 1428 1798 cum
1461 1729 1628 1797 hero
1669 1728 1803 1799 huc
1842 1730 2231 1815 advenerit,

591 1843 728 1930 Qui
766 1841 1005 1909 herum
1043 1840 1383 1908 arcessivit
1406 1891 1424 1924 ‚
1471 1838 1635 1907 itote
1672 1838 2010 1934 extemplo
2048 1839 2347 1914 domum.

591 1957 841 2024 Curate
885 1953 1026 2020 haec
1055 2004 1074 2030 .‚
1108 1950 1330 2036 soltiS‚
1359 1974 1605 2043 magna
1641 1950 2010 2045 diligentia.
2689 1982 2742 2023 40

592 2087 803 2133 LABR.
838 2066 1024 2147 Heu,
1053 2059 1315 2146 hercle,
1357 2085 1458 2127 nae
1497 2060 1683 2127 isteic
1721 2060 1875 2127 fana
1912 2074 2263 2129 mutantur
2300 2060 2468 2132 cito!

588 2177 735 2241 Jam
766 2173 896 2240 hoc
927 2169 1202 2240 Herculi
1242 2184 1374 2254 est,
1422 2170 1706 2238 Veneris
1743 2168 1970 2237 fanum
2005 2170 2187 2262 quod
2225 2170 2373 2240 fuit.

585 2287 688 2351 Ita
729 2282 862 2350 duo
900 2280 1202 2349 destituit
1251 2280 1441 2373 signa
1477 2278 1630 2347 heic
1667 2303 1820 2346 cum
1856 2278 2060 2347 clavis
2094 2306 2313 2349 senex.

585 2394 743 2461 Non
770 2445 787 2477 ‚
829 2390 1084 2475 hercle,
1124 2415 1258 2485 quo
1299 2391 1461 2458 hinc
1501 2414 1683 2457 nunc
1722 2390 2025 2483 gentium
2064 2390 2409 2485 aufugiam
2446 2395 2623 2484 scio,

584 2506 687 2570 lta
723 2526 904 2569 nunc
943 2500 1106 2568 mihi
1147 2516 1508 2592 utrumque
1542 2500 1724 2567 saevit
1762 2515 1828 2568 et
1866 2514 2044 2569 terra
2082 2516 2149 2569 et
2186 2527 2390 2575 marc.
2685 2531 2737 2576 45

587 2607 931 2681 Palaestra!
971 2634 1130 2679 Lon.
1175 2608 1361 2697 Quid
1391 2607 1531 2677 vis?
1558 2634 1763 2679 [ΑΒΗ.
1792 2613 2059 2703 Apage,
2085 2615 2650 2685 controversia’st.

673 2778 769 2833 31.
801 2781 1107 2832 Invitasst'tis.
1141 2779 1355 2830 Invitat-e
1382 2778 1471 2830 hic
1507 2796 1617 2830 non

589 2874 668 2915 est
690 2858 962 2925 occidere,
985 2858 1080 2912 sed
1102 2859 1340 2928 accipere
1362 2858 1619 2928 hospitio,

586 2941 700 2993 imo
727 2954 780 2993 et
810 2940 1058 2991 convivio
1086 2958 1098 2989 :
1148 2951 1207 2989 ut
1246 2938 1382 2989 sicut
1412 2938 1488 2989 ibi
1515 2938 1617 2990 ho-

585 3022 757 3074 mines
804 3017 936 3071 adeo
977 3018 1339 3088 implebantur
1384 3018 1507 3069 cibo
1554 3036 1615 3071 ac

581 3113 716 3171 potu
734 3138 749 3165 ‚
771 3112 831 3151 ut
860 3097 1127 3151 nescirent
1152 3115 1259 3168 qua
1287 3096 1495 3149 abirent
1515 3095 1615 3149 do-

582 3198 732 3232 mum
751 3216 767 3242 ‚
795 3178 950 3230 etiam
970 3177 1058 3230 hic
1079 3178 1294 3248 impleri
1314 3176 1440 3228 velit
1465 3178 1612 3229 leno-

581 3279 704 3312 nem
729 3257 958 3311 fustibus
983 3249 1066 3327 (ut
1089 3256 1329 3328 loquitur
1351 3256 1474 3308 Aut.
1497 3258 1610 3323 ΙΙΙ,

585 3336 672 3402 3),
700 3338 876 3392 donec
901 3338 1102 3389 nesciat
1127 3337 1220 3387 ubi
1245 3338 1313 3389 sit
1341 3336 1603 3389 locorum.

523 3424 538 3441 χ
587 3420 674 3472 Sic.
696 3420 752 3471 in
785 3417 986 3486 Amph.
1016 3419 1074 3480 Ι,
1111 3435 1161 3480 1,
1195 3415 1380 3469 eadem
1403 3416 1604 3485 figura,

582 3500 858 3571 «accipere
885 3496 1119 3566 hospitio
1143 3513 1338 3567 pugnae
1360 3522 1382 3543 ι
1415 3516 1426 3546 :
1451 3497 1607 3559 item,

582 3595 830 3649 «pugnos
851 3574 1008 3629 edere
1035 3601 1082 3627 ιι.
1110 3576 1177 3627 Et
1209 3574 1339 3646 quid
1372 3575 1609 3627 mirum?

578 3678 745 3731 quum
774 3657 1046 3709 saturitate
1074 3655 1190 3725 quis
1211 3674 1320 3707 non
1349 3674 1498 3707 secus
1522 3655 1609 3705 lae-

579 3740 740 3791 datur
767 3755 926 3807 quam
955 3737 1098 3788 ferro
1121 3755 1134 3785 ε
1161 3754 1270 3787 non
1298 3754 1448 3787 secus
1473 3734 1604 3786 alie-

579 3830 741 3871 netur
767 3828 948 3868 mente
971 3833 1129 3888 quam
1159 3815 1347 3885 plagis.
1371 3814 1603 3867 Theoer.

578 3898 738 3967 Idyll.
763 3899 847 3956 ἔςη
873 3892 934 3948 δὲ
959 3898 1171 3965 πληγαῖς
1195 3896 1401 3965 μεθύων.
1422 3894 1608 3947 Gaur.

664 3976 755 4029 33.
778 3976 916 4045 Adp.
939 3974 1070 4028 Vid.
1093 3994 1169 4026 vs.
1195 3980 1381 4036 24—
1399 3974 1605 4043 Quemp.

582 4078 636 4128 p.
654 4056 984 4127 quampiam.
1009 4056 1183 4123 Supm
1208 4055 1290 4118 11,
1315 4056 1365 4110 3,
1392 4053 1484 4122 75.

659 4138 688 4189 3
701 4142 751 4200 4.
765 4138 851 4189 Ist.
864 4141 1039 4198 vicem,
1052 4152 1152 4205 pro
1167 4133 1373 4187 duabus
1388 4132 1602 4204 puellis.

1794 2778 1887 2832 35.
1922 2780 2170 2847 Quantum
2198 2794 2376 2851 potest.
2414 2783 2500 2838 Cf.
2541 2786 2733 2840 Bacch.

1708 2860 1791 2923 ΙΙ,
1825 2860 1854 2913 3
1874 2897 1890 2922 ,
1924 2876 1946 2910 1
1964 2866 2054 2922 14.

1791 2945 1876 3001 4ο.
1910 2938 2075 2991 Soltis.
2099 2941 2245 2992 Asin.
2269 2941 2413 2995 Prol.
2441 2963 2492 2997 1.

1784 3026 1875 3081 4².
1902 3018 2121 3072 Herculi.
2154 3020 2269 3073 Hoc
2296 3040 2361 3074 eo
2383 3020 2545 3088 dicit,
2582 3024 2732 3094 quod

1702 3116 1863 3151 senex
1896 3096 2033 3151 duos
2063 3116 2241 3153 servos
2272 3119 2395 3154 cum
2442 3103 2603 3156 clavis
2639 3104 2733 3156 ed-

1701 3190 1839 3231 stare
1878 3178 2105 3247 jusserat
2137 3197 2151 3232 :
2205 3198 2267 3233 ac
2302 3180 2344 3233 si
2396 3196 2569 3235 essent
2610 3183 2732 3237 duae

1700 3271 1907 3315 statuae‚
1937 3259 2125 3319 clavas,
2147 3258 2200 3311 in
2224 3258 2445 3312 modum
2469 3261 2732 3329 Herculis,

1696 3350 1955 3407 gerentes,
1976 3338 2135 3390 Silius
2159 3338 2254 3391 lib.
2277 3340 2363 3391 ΙΙΙ
2390 3360 2404 3391 2
2438 3363 2461 3384 ι
2569 3343 2731 3395 clavi-

1694 3417 1807 3485 geri
1838 3430 2119 3470 veneratur
2141 3418 2378 3471 numinis
2396 3431 2582 3472 arasa.
2608 3424 2730 3474 Her·-

1697 3498 1815 3558 culi,
1833 3498 2056 3566 genitiv.
2080 3508 2138 3549 ut
2166 3498 2410 3568 Euripidi,
2441 3500 2643 3555 Achilli.

1781 3577 1873 3638 43.
1898 3576 2155 3635 Destituit,
2182 3576 2238 3629 id
2260 3590 2364 3643 est,
2388 3582 2727 3637 statuit.Ci0.

1696 3654 1865 3723 Epist.
1894 3656 2041 3708 Fam.
2078 3664 2097 3703 ὁ
2115 3657 2367 3735 Destituit
2400 3677 2585 3711 omnes
2614 3682 2727 3714 ser-

1694 3754 1790 3787 vos
1810 3732 1878 3787 ad
1911 3754 2143 3787 mensam
2174 3749 2295 3789 ante
2311 3756 2364 3789 se
2386 3764 2434 3790 ι.
2455 3740 2719 3794 Lib.VII:

1702 3840 1725 3861 ι
1749 3813 1858 3866 duo
1894 3816 2085 3867 armati
2119 3817 2174 3867 in
2209 3816 2388 3870 medio
2425 3817 2723 3873 destituun-

1698 3907 1788 3947 tur
1812 3921 1859 3944 ι.
1882 3894 2065 3948 Lana.

1782 3978 1875 4035 46.
1905 3972 2261 4030 Controversia.
2297 3976 2448 4028 Nihil
2477 3978 2568 4031 hic
2606 3998 2723 4032 mu-

1696 4052 1916 4134 tandum
1949 4072 2071 4106 cum
2109 4055 2365 4107 Can-ione
2390 4074 2403 4107 ε
2429 4076 2551 4109 nam
2588 4057 2722 4112 dicit

1692 4130 1809 4186 ludi
1842 4145 1897 4186 se
1924 4134 2269 4204 ambiguitate
2290 4136 2431 4190 vocis
2449 4139 2719 4206 μαίωσιν-ω.
