3067 5017
820 410 1163 481 ACTUS
1210 411 1276 497 I,
1326 410 1667 482 SCENA‘·
1704 402 1851 479 III.
2318 408 2417 485 35⁴

271 556 493 605 Aaou.
537 534 772 627 Neque
795 532 926 601 hoe
945 586 965 620 ‚
1003 514 1265 634 neque
1252 528 1454 623 illuc,
1477 556 1789 633 neque....
1816 531 1995 600 enim
2026 557 2185 603 vero
2214 536 2408 630 seriot

265 646 542 738 Neque,
565 641 817 731 hercle,
846 668 1046 712 vero:
1081 642 1246 737 quid
1282 666 1452 735 opus
1489 657 1588 712 est
1624 642 1893 711 verbis?
1922 644 2257 737 quippini!
2421 644 2427 647 '⁴

267 752 473 841 Quod
510 776 647 841 uno
683 752 890 820 verbo
926 752 1147 823 dicere
1185 750 1340 820 heic
1373 751 1642 845 quidvis
1671 750 1891 822 licet...

263 866 543 955 Neque,
580 859 843 949 hercle,
881 884 1042 930 vero
1079 862 1299 930 serio.
1334 860 1495 930 scin'
1544 862 1925 956 quomodo?

263 978 369 1042 Ita
400 996 508 1039 me
545 970 637 1039 dii
675 972 1071 1042 amabunt...
1078 969 1267 1040 ,vin’
1300 972 1481 1039 bona
1523 970 1743 1042 dicam
1786 972 1959 1042 fide?
2358 997 2413 1035 3.
2491 1053 2502 1065 1

261 1081 467 1171 Quod
507 1080 654 1149 heic
693 1080 870 1149 inter
909 1106 1032 1150 nos
1071 1080 1359 1151 liceat....
1398 1082 1491 1149 ita
1529 1106 1638 1149 me
1672 1083 2024 1176 Jupiter...-

261 1189 438 1257 Scin'
478 1191 731 1283 quam?
765 1190 918 1259 vide
953 1204 1029 1259 tu
1053 1217 1079 1271 ,ε
1123 1190 1394 1276 credin’‚
1430 1191 1615 1285 quod
1652 1216 1779 1285 ego
1825 1191 2131 1261 fabuler?

259 1324 516 1369 MILPH.
551 1301 923 1402 Si¹nequeo
959 1292 1178 1369 facere
1214 1316 1290 1368 ut
1331 1300 1565 1387 abeam,
1610 1313 1873 1395 egomet
1911 1304 2159 1372 abiero.

256 1410 433 1479 Nam
470 1408 580 1477 isti
621 1408 930 1502 quidem,
963 1407 1222 1495 hercle,
1263 1410 1551 1478 orationi
1586 1410 1861 1507 OEdipo

259 1520 454 1610 Opus
493 1530 592 1585 est
624 1518 1035 1611 conjectore,
1073 1518 1190 1625 qui
1229 1519 1501 1614 sphingi
1548 1519 1877 1613 interpres
1910 1520 2059 1589 fuit.
2356 1541 2405 1581 ³⁵

257 1646 474 1693 AGOR.
514 1622 662 1692 illic
697 1625 856 1694 hine
890 1626 1099 1694 iratus
1129 1615 1340 1696 abiit.
1381 1654 1564 1698 nune
1599 1628 1766 1697 mihi
1802 1630 2026 1699 cautio
2041 1630 2157 1719 ',st
2458 1636 2463 1644 ’

254 1736 362 1803 Ne
400 1750 684 1804 meamet
719 1735 917 1830 culpa
952 1762 1105 1805 meo
1141 1739 1354 1807 amori
1390 1739 1689 1837 objexim
1713 1764 1996 1810 moram.

251 1843 376 1911 Ibo
413 1858 612 1938 atque
647 1870 971 1915 arcessam
1010 1848 1263 1937 testeis,
1303 1849 1576 1943 quando
1617 1875 1807 1918 amor
1838 1850 2035 1943 jubet
2132 1840 2139 1847 ⁴

252 1956 412 2023 Meo
447 1955 867 2025 obedientem
906 1982 1014 2025 me
1057 1981 1200 2026 esse
1235 1982 1430 2027 servo
1468 1956 1779 2028 liberum.
1842 1965 1849 1971 '

334 2152 434 2203 26-
440 2154 531 2207 32.
555 2154 704 2205 Enim
734 2172 853 2205 vero
863 2157 1052 2221 ‚.·ser1‘o
1081 2152 1268 2226 Neque,
1357 2145 1412 2208 et
1453 2154 1679 2209 Mei-cat.
1706 2156 1781 2221 V,
1837 2175 1902 2221 ει,
1944 2173 2021 2210 vs.
2048 2160 2151 2225 94-
2129 2162 2285 2209 --no
2320 2134 2399 2210 N'¹⁸

249 2230 440 2297 hercle,
468 2252 604 2285 vet-0.
629 2232 895 2299 Affirmant,
919 2246 1108 2305 negat,
1135 2232 1269 2287 deli·
1441 2234 1553 2299 36,
1602 2236 1694 2306 37.
1726 2235 1877 2290 Nunc
1914 2236 2037 2287 mike·
2081 2240 2243 2289 cautio
2294 2236 2387 2299 ',st

247 2322 346 2364 rat.
371 2312 508 2364 Nam
544 2311 830 2367 delirantes
867 2327 1124 2367 amatores
1166 2313 1271 2367 fin·
1357 2326 1458 2367 etc.
1499 2314 1663 2369 Nune
1692 2333 1847 2385 agam
1876 2313 2028 2387 quod
2058 2315 2192 2369 mihi
2228 2333 2392 2385 agen·-
2386 2374 2411 2391 ..-

249 2408 374 2467 gere
418 2392 606 2445 Plauto
649 2392 792 2445 haud
839 2392 1000 2445 semel
1045 2392 1267 2463 placuit.
1357 2392 1490 2447 dum
1535 2406 1631 2447 est.
1676 2394 1879 2447 Cavere
1920 2388 2121 2460 debe0‚
2164 2412 2234 2448 ne
2272 2395 2388 2465 ipse

253 2460 415 2523 Coxis.
466 2472 729 2525 Cistellar.
785 2472 877 2535 11,
942 2488 995 2537 1,
1051 2474 1151 2525 36-
1158 2471 1272 2538 45,
1358 2472 1497 2527 mihi
1523 2472 1726 2527 amafi'ti
1753 2474 2017 2527 morando
2043 2473 2235 2528 obsiin.
2258 2474 2330 2526 Ν.
