3067 5017
852 420 1195 492 AcTus
1246 420 1335 506 V,
1387 422 1715 493 SGENA
1769 421 1911 491 111.
2162 397 2167 400 ’
2306 419 2452 520 589

259 571 266 581 ·
302 497 562 644 pedem.
597 544 789 640 Ego
764 568 906 638 Jam
943 550 1124 612 nunc
1158 543 1432 614 ubinam
1465 559 1715 640 praetor
1751 544 2008 631 sedeat,
2028 544 2449 642 investigabo

301 659 834 749 celeriter,atque
851 654 1076 723 omnia
1095 654 1273 723 istaec
1285 679 1610 749 exsequar
1624 655 1783 748 jure
1793 671 1861 726 et
1878 653 2159 751 legibus.
2165 680 2445 728 Manna.

305 769 576 858 Quaeso,
613 765 885 851 arbiter,
914 788 1038 858 pro
1074 788 1186 832 me
1203 778 1280 834 ut
1307 763 1509 834 verba
1538 765 1788 834 facias:
1818 764 1989 834 nihil
2022 767 2152 836 nisi
2185 767 2447 836 veniam

301 874 676 973 expostulo.
737 899 892 946 Arm.
957 878 1023 943 O
1083 873 1176 943 mi
1235 873 1575 966 Querole,
1624 899 1973 968 nunquam
2028 890 2097 944 te
2148 874 2449 946 celeriter

301 1013 516 1082 usque
549 987 637 1056 ad
675 985 1092 1080 sanguinem.
1157 989 1442 1079 Ignosce
1491 1010 1597 1070 ac,
1620 986 1929 1054 remitte:
1969 983 2111 1056 haec
2149 1011 2307 1056 vera
2350 1001 2452 1058 est

297 1098 604 1168 victoria.
634 1121 847 1180 QUER.
878 1101 1057 1190 Age,
1095 1094 1390 1190 reliquiae
1428 1094 1611 1165 illius
1638 1094 1937 1164 defuncti
1966 1096 2449 1184 reconduntur,

298 1210 464 1304 quid
501 1209 584 1278 de
621 1209 937 1278 thesauro
975 1205 1137 1275 fiet?
1197 1230 1354 1276 Ana.
1421 1204 1609 1296 Quid
1652 1205 1818 1274 dicis
1846 1258 1867 1293 ,
1900 1204 2449 1301 Mandrogerus?

249 1321 578 1402 ,malmin
631 1321 796 1388 Juro
860 1341 982 1411 per
1031 1318 1256 1404 Deos,
1303 1317 1460 1410 juro
1507 1341 1628 1411 per
1687 1315 1945 1409 ipsam,
2000 1338 2202 1408 quam
2251 1318 2448 1412 rupi,

297 1427 521 1516 fidem,
545 1426 714 1496 mihi
737 1451 862 1496 nec
891 1450 1134 1496 aurum
1165 1451 1291 1496 nec
1315 1427 1705 1522 thesaurum
1724 1451 1884 1496 esse.
1912 1447 2125 1509 omia.
2149 1430 2449 1498 Remove

295 1537 637 1632 paulisper
675 1537 938 1624 inania3
959 1553 1271 1632 putemus
1304 1561 1427 1606 nos
1459 1531 1811 1630 paululum
1852 1535 1927 1604 in
1959 1534 2217 1629 judicio
2242 1551 2443 1607 stare.

297 1651 558 1718 Ornam
621 1663 800 1718 certe
849 1647 1031 1718 illam
1091 1663 1164 1716 tu
1213 1645 1569 1716 abstulisti.
1639 1669 1927 1718 mamm.
1995 1651 2273 1716 Factum
2322 1661 2444 1720 est.

299 1782 514 1842 QUI-211.
575 1756 770 1852 Elige
813 1783 1038 1843 nunc,
1075 1756 1607 1850 Mandrogerus,
1642 1771 1869 1825 utrum
1906 1753 2125 1842 voles,
2174 1756 2448 1828 bustum

295 1867 467 1957 illic,
507 1895 594 1938 an
628 1893 870 1938 aurum
908 1867 1087 1940 fuit?
1121 1866 1669 1963 quandoquidem
1700 1891 1901 1938 causa
1934 1866 2263 1960 ejusmodi
2308 1883 2445 1956 est,

299 1993 375 2048 ut
407 1978 639 2048 multis
673 1992 932 2048 constet
970 1977 1210 2047 modis.
1261 2001 1545 2047 mamm.
1587 1975 1888 2047 Auribus
1922 1990 2119 2046 teneo
2155 1976 2391 2072 lupum
2426 2008 2445 2053 ς

298 2113 516 2182 neque
539 2089 637 2158 uti
663 2085 888 2158 fallam
908 2141 928 2174 ,
950 2111 1170 2181 neque
1193 2088 1294 2155 uti
1319 2086 1667 2174 confitear,
1704 2088 1864 2156 scio.
1901 2090 2148 2158 Utrum
2178 2086 2409 2156 dixero
2427 2133 2447 2169 ,

298 2196 363 2265 id
402 2212 636 2266 contra
677 2222 782 2265 me
819 2195 1126 2266 futurum
1159 2195 1377 2264 video.
1417 2197 1659 2266 Dicam
1694 2211 1917 2266 tamen
1959 2223 1974 2266 ε
2016 2199 2276 2267 Aurum
2312 2198 2446 2268 illic

293 2305 440 2376 fuit.
464 2331 679 2392 Quiza.
696 2307 928 2378 Redde
949 2307 1181 2402 igitur.
1199 2331 1350 2392 ΜΔΝ
1365 2331 1477 2376 na.
1500 2310 1647 2376 Hoc
1656 2306 1795 2398 jam
1815 2305 2069 2376 factum
2092 2323 2209 2378 est.
2236 2332 2447 2391 szn.

293 2421 574 2488 Factum
604 2418 790 2488 doce.
826 2443 1108 2490 MANDR.
1141 2421 1399 2486 Ornam
1428 2431 1502 2486 tu
1540 2417 2225 2511 recognoscis?QnEa.
2255 2421 2443 2510 Quid

293 2531 393 2599 vis
407 2545 485 2599 ut
502 2529 981 2625 respondeam?
1003 2529 1298 2624 primum
1323 2543 1586 2624 egomet
1601 2527 1823 2596 aulam
1844 2552 1975 2596 non
2000 2553 2443 2622 recognosco:

213 2708 223 2720 ,
291 2641 539 2708 satisne
585 2640 715 2710 hoc
760 2639 1057 2710 sufficit?
1111 2663 1390 2710 MANDR.
1441 2637 1677 2729 Quid?
1718 2621 1989 2707 titulum
2052 2661 2191 2706 non
2247 2662 2443 2709 reco-

291 2750 600 2844 gnoscis,
585 2749 614 2802 ³
645 2775 852 2834 QUER.
889 2749 1111 2844 Magis
1144 2773 1347 2842 quam
1391 2762 1490 2834 te,
1516 2771 1719 2842 quem
1756 2745 1956 2814 hodie
1999 2746 2295 2840 primum
2327 2747 2440 2818 hic

289 2861 550 2932 noscito
581 2860 741 2930 :sed
773 2861 988 2954 finge,
1023 2884 1206 2929 nunc
1241 2884 1280 2927 a
1325 2859 1520 2927 nobis
1554 2881 1791 2926 ornam
1832 2870 1899 2926 et
1935 2854 2207 2927 titulum
2251 2882 2438 2928 reco-

292 2971 524 3066 gnosci
561 2997 580 3038 :
619 2969 822 3040 redde
855 2965 1036 3063 quod
1076 2970 1148 3037 in
1187 2966 1340 3038 aula
1377 2967 1528 3037 fuit.
1561 2989 1842 3036 MANDR.
1880 2968 1986 3034 Tu
2019 2980 2243 3035 autem
2271 2967 2439 3060 quid

290 3081 360 3150 in
388 3080 543 3151 aula
575 3079 778 3150 fuisse
810 3079 1016 3149 dicis?
1043 3102 1256 3162 Quen.
1288 3076 1432 3171 Ego
1469 3077 1737 3145 interim
1763 3100 1903 3144 non
1942 3076 2269 3168 proposui
2308 3102 2324 3145 :
2357 3093 2435 3146 tu

291 3191 430 3260 fare
453 3191 620 3284 quid
639 3189 823 3260 velis.
845 3213 1126 3261 MANDR.
1143 3192 1233 3258 Et
1249 3211 1366 3256 vos
1395 3211 1432 3256 a
1457 3211 1564 3256 me
1592 3209 1834 3254 aurum
1862 3182 2434 3278 quemadmodum

292 3297 662 3396 postulatis,
693 3325 900 3396 quum
931 3325 1036 3370 res
1077 3300 1220 3394 ipsa
1252 3298 1526 3367 bustum
1563 3310 1630 3364 et
1667 3296 1961 3364 cinerem
1994 3294 2437 3388 comprobet?

290 3437 448 3483 Ami.
473 3415 655 3506 Ergo
679 3409 1041 3504 acquiescit
1066 3463 1085 3492 ,
1121 3424 1196 3479 ut
1233 3409 1508 3478 bustum
1549 3403 1686 3474 illic
1708 3404 1963 3475 fuerit?
1995 3429 2281 3476 MANDR.
2302 3405 2437 3475 Ad-

290 3523 597 3616 quiesco,
625 3518 1170 3615 quandoquidem
1210 3519 1302 3588 ita
1333 3542 1472 3588 sese
1504 3541 1611 3585 res
1645 3516 1873 3585 habet.
1918 3518 2063 3584 Hac
2101 3540 2235 3583 non
2280 3540 2436 3609 pro-

289 3635 540 3704 cessit.
589 3631 718 3702 alia
768 3631 1164 3702 tentandum
1205 3645 1309 3700 est
1344 3632 1474 3700 via.
1515 3652 1725 3714 Qum.
1780 3632 1843 3699 Ο
1891 3625 2134 3713 stulte,
2174 3626 2444 3696 sacrile-

292 3745 480 3839 gium
505 3743 880 3830 confiteris,
913 3742 1074 3810 dum
1093 3739 1353 3809 furtum
1373 3765 1597 3834 negas,
1583 3760 1893 3808 ..Marion
1912 3734 2134 3825 Quid,
2172 3735 2227 3804 si
2262 3735 2436 3806 nihil

288 3841 427 3922 illic
452 3845 626 3923 fuit?
664 3877 872 3936 QUER.
905 3851 1252 3943 Quidnam
1282 3850 1492 3944 igitur
1520 3845 1863 3942 postulas?
1893 3850 2157 3916 Aurum
2189 3845 2242 3914 si
2271 3844 2435 3935 fuit,

289 3962 658 4034 abstulisti·
691 3965 902 4032 sinon
931 3960 1290 4046 sustulisti,
1326 3984 1463 4027 non
1493 3957 1643 4027 fuit.
1669 3980 1954 4028 Mamm.
1976 3957 2119 4025 Vos
2140 4007 2159 4042 ,
2186 3978 2438 4048 quaese,

289 4073 488 4144 dicite
520 4075 848 4160 vicissim,
892 4071 1218 4168 quidnam
1261 4068 1401 4140 illic
1431 4065 1614 4140 fuit?
1653 4091 1865 4151 Qui-zu.
1907 4064 2123 4138 Nobis
2158 4065 2428 4135 interim

286 4184 542 4257 sufficit
578 4208 870 4283 purgare
907 4197 1201 4271 nosmet,
1235 4180 1500 4276 objecta
1543 4175 1887 4274 repellere.
1928 4177 2104 4248 Nam
2138 4176 2192 4246 si
2228 4191 2293 4246 te
2332 4199 2443 4270 ag-
