3067 5017
899 438 1261 507 ACTUS-
1287 441 1390 523 V,
1439 442 1787 513 SCENA
1836 444 1941 512 11.

337 563 436 628 Ut
475 560 752 627 hortum
785 558 1028 645 fodiat,
1061 575 1268 654 atque
1307 556 1384 630 iit
1421 562 1845 633 frumentum
1882 580 2113 636 metat.

335 671 442 739 Ad
479 672 746 739 messim
787 671 990 739 credo
1029 673 1272 741 missus
1305 673 1418 741 hic
1461 674 1737 767 quidem
1778 690 1985 745 tuam.
2434 699 2492 739 ⁶·

335 806 556 853 Acon.
585 782 776 872 Quid
803 783 978 851 istuc
1007 781 1098 849 ad
1127 783 1282 851 me?
1315 806 1575 853 ιιιιΡιι.
1612 786 1989 855 Certiorem
2016 802 2085 856 te
2106 812 2249 857 esse
2280 787 2493 878 volui,

333 894 438 961 Ne
477 892 642 986 quid
681 892 858 961 clam
893 891 1138 959 furtive
1171 891 1518 986 adeepisse
1556 918 1843 963 censeas.

333 1026 507 1070 nur.
523 1002 1028 1096 Muphonnium
1051 1002 2159 1090 sucorahim.1111„1›.Hem‚eavesi
2180 1008 2457 1095 feceris,

329 1110 540 1199 Quod
563 1112 678 1180 hic
699 1127 766 1179 te
789 1126 958 1179 orat.
990 1135 1214 1181 uzon.
1243 1110 1432 1200 Quid
1465 1115 1595 1198 ait,
1620 1127 1741 1181 aut
1774 1116 1951 1209 quid
1982 1118 2171 1188 orat?
2200 1120 2463 1213 expedi.

327 1246 580 1293 mm.
613 1222 758 1293 Sub
785 1223 1028 1291 cratim
1063 1223 1160 1291 uti
1187 1221 1426 1315 jubeas
1459 1247 1603 1291 soee
1638 1224 1971 1319 subponi,
2004 1243 2211 1322 atque
2240 1255 2323 1299 eo
2420 1252 2477 1291 ss

329 1332 620 1427 Lapides
659 1332 914 1425 imponi
951 1330 1234 1413 multos,
1277 1346 1354 1399 ut
1397 1357 1539 1400 sese
1576 1358 1797 1401 neces.

327 1468 502 1513 nur.
537 1441 848 1513 Gunebel
883 1441 1506 1511 balsamenierasan.
1550 1466 1763 1513 scon.
1798 1448 2053 1530 Narra,
2090 1446 2257 1537 quid
2292 1446 2439 1517 est?

329 1552 520 1640 Quid
535 1552 936 1621 aithnu‘n.
953 1554 1138 1631 Non,
1161 1550 1607 1635 hercle‚nunc
1624 1553 1897 1645 quidem
1922 1554 2289 1648 quidquam
2318 1560 2481 1629 scio.

325 1684 502 1735 run.
537 1666 630 1730 At
665 1676 742 1729 ut
773 1663 941 1729 scias
973 1687 1192 1747 nunc,
1227 1660 1474 1729 dehinc
1501 1663 1743 1731 Latine
1771 1664 1911 1756 jam
1952 1663 2215 1759 loquar.

325 1775 602 1841 Servom
621 1827 644 1857 ‚
675 1771 937 1858 hercle,
976 1788 1044 1841 te
1069 1797 1208 1841 esse
1237 1788 1506 1866 oportet
1542 1787 1611 1840 et
1646 1798 1937 1867 nequam
1974 1790 2043 1843 et
2082 1775 2369 1863 malum,
2428 1812 2483 1849 το

321 1885 684 1951 Hominem
717 1884 1146 1976 peregrinum
1183 1897 1388 1976 atque
1415 1882 1745 1951 advenam
1788 1885 1907 1977 qui
1946 1886 2265 1957 inrideas.

321 2016 574 2061 annm.
615 1996 743 2073 At,
779 1990 1040 2075 hercle,
1077 2006 1144 2059 te
1177 1991 1524 2060 hominem
1556 2008 1627 2060 et
1658 1994 2180 2088 sycophantam,
2216 2013 2287 2067 et
2316 1998 2475 2067 sub-

615 2100 847 2169 dolum
869 2154 890 2186 ‚

319 2210 460 2297 Qui
493 2212 630 2279 huc
670 2210 1000 2280 advenisti
1041 2237 1168 2281 nos
1207 2210 1549 2305 mptatum
1588 2212 1984 2307 migdilybs‚

319 2321 834 2415 Bisulcilingna,
875 2322 1070 2415 quasi
1111 2348 1513 2416 proserpens
1548 2322 1785 2391 bestia.

319 2456 534 2503 aeon.
575 2432 938 2501 Maledicta
969 2434 1132 2501 hinc
1171 2433 1362 2501 aufer
1391 2432 1737 2525 :linguam
1774 2458 2138 2527 oonpaecas
2174 2436 2339 2508 face.
2418 2463 2471 2514 :⁵

319 2542 722 2612 Maledicere
759 2544 922 2612 huic
967 2558 1044 2611 tu
1087 2544 1530 2637 temperabis,
1570 2544 1629 2611 si
1672 2543 1873 2635 sapis.
2492 2534 2501 2543 ’

2400 472 2497 545 79

317 2655 486 2723 Meis
522 2655 1036 2749 consanguineis
1075 2651 1236 2721 nolo
1283 2668 1348 2721 te
1391 2653 1639 2743 injuste
1677 2650 1885 2745 loqui.

315 2763 710 2857 Carthagini
753 2790 881 2857 ego
915 2790 1066 2833 sum
1105 2766 1392 2857 gnatus‚'
1425 2777 1504 2831 ut
1548 2778 1627 2831 tu
1662 2764 1751 2829 sis
1784 2764 2023 2831 sciens.

315 2898 489 2944 lun.
507 2878 573 2943 Ο
587 2876 678 2941 mi
693 2875 1062 2969 populariS,
1077 2873 1276 2943 salve.
1293 2898 1514 2943 Acon.
1535 2877 1625 2941 Et
1646 2888 1744 2959 tu,
1764 2871 2001 2966 edepol
2018 2926 2039 2959 ,
2050 2876 2357 2969 quisquis
2368 2902 2463 2947 es.

309 3058 392 3110 illi
429 3078 486 3111 se
527 3058 586 3109 in
630 3078 826 3127 aquam
869 3071 1122 3129 mergunt
1139 3098 1156 3122 ,
1201 3056 1336 3109 dum

309 3138 480 3206 pisces
507 3152 936 3208 persequuntur3
973 3140 1050 3191 sic
1077 3156 1338 3189 mensores

311 3235 400 3269 eas
423 3219 482 3269 in
507 3219 690 3289 fruges
723 3216 1080 3289 demergunt,
1121 3231 1186 3269 ut
1223 3218 1336 3269 ele·

309 3315 434 3349 vare
457 3299 664 3367 possint
683 3298 990 3368 manipulos
1007 3325 1032 3344 ι
1045 3339 1060 3351 .
1085 3298 1310 3349 Pasa-ns.

391 3383 484 3430 6².
505 3378 586 3430 Ne
609 3378 756 3447 quid,
787 3392 891 3429 etc.
919 3379 1000 3429 Ne
1021 3376 1156 3447 quid
1179 3396 1338 3439 eum,

307 3456 358 3508 si
379 3455 694 3521 admiseris,
723 3458 870 3509 furto
897 3459 1106 3528 cepisse
1131 3456 1334 3509 eredas.

391 3536 486 3589 65.
521 3536 626 3588 Sub
651 3543 844 3589 cratin.
867 3537 1138 3607 supplicii
1165 3555 1338 3607 genus

307 3616 846 3687 Carthaginiensibus
871 3619 1128 3670 usitatum
1143 3638 1158 3667 ε
1185 3614 1336 3685 quod

305 3694 480 3748 Tacit.
499 3698 596 3749 tib.
615 3700 696 3749 De
713 3698 956 3749 moribus
975 3697 1238 3749 German.
1261 3696 1334 3747 ita

303 3790 728 3829 mmmm-at:
761 3802 786 3824 ι
807 3775 1120 3831 Proditores
1135 3788 1194 3828 et
1213 3794 1338 3844 pro-

303 3854 458 3925 fugas
477 3857 766 3908 arboribus
785 3856 1152 3927 suspendunt:
1179 3856 1336 3925 igna-

303 3952 402 3987 vos
429 3948 484 3986 et
520 3936 818 3988 imbecilles
839 3950 895 3988 et
927 3952 1160 4004 corpore
1193 3935 1334 3985 infa-

305 4032 592 4067 mesooeno
611 4034 678 4069 ae
703 4014 932 4086 palude,
969 4018 1168 4086 injecta
1193 4015 1342 4065 insu-

303 4112 406 4163 per
429 4108 604 4159 erate,
641 4109 924 4166 mergunt,
952 4110 1056 4148 ete.
1079 4121 1104 4143 ι
1125 4094 1342 4157 Livius,

603 4200 628 4223 ι
655 4173 742 4227 Ad
775 4176 1220 4230 vociferationem
1247 4192 1340 4226 eo-
1427 4176 1943 4242 qaasipmerpeute-
1960 4173 2181 4225 bestiam.
2204 4175 2393 4228 Tun.

303 4173 564 4226 muns:

1421 3074 1729 3125 rum‚quos
1756 3056 1859 3108 sub
1894 3068 2041 3107 erate
2070 3073 2269 3110 neure
2288 3061 2460 3129 jusse-

1421 3150 1504 3188 rat
1517 3176 1536 3200 ‚
1556 3154 1823 3188 concursu
1850 3136 1993 3187 facto
2012 3162 2061 3187 ι.
2084 3137 2275 3191 Lan.

1508 3217 1604 3285 73.
1628 3215 1919 3287 Midas&-
1938 3215 2235 3286 Migdilybs‚
2264 3219 2461 3273 mixtus

1421 3296 1593 3364 Libys
1624 3308 1734 3359 est,
1784 3308 1845 3347 nt
1884 3294 2037 3347 illum
2068 3296 2221 3349 mixti
2248 3298 2461 3367 generis

1423 3373 1725 3445 significet,
1770 3387 1825 3427 et
1864 3374 2199 3445 bilinguem,
2250 3376 2309 3427 id
2340 3392 2461 3442 est,

1423 3456 1703 3526 δίγλωττον
1730 3468 1787 3506 et
1808 3451 2013 3524 μιγάδα.
2044 3474 2061 3506 z
2098 3456 2283 3525 quales
2306 3472 2462 3511 eram

1425 3534 1925 3603 Carthaginienses,
1952 3534 2045 3604 qui
2078 3536 2371 3589 utebantur
2406 3551 2463 3593 et

1423 3614 1606 3684 lingua
1626 3614 1923 3682 Tyriorum
1942 3627 1999 3665 et
2016 3613 2453 3689 Afrorum-virg.

1423 3698 1553 3747 ΔΕΒ-
1582 3696 1611 3745 1
1642 3715 1659 3744 ;
1717 3693 1983 3763 -Qnippe
2032 3691 2259 3747 domum
2300 3698 2459 3751 timet

1423 3775 1731 3842 ambiguam
1760 3773 2069 3841 Tyriosque
2110 3774 2454 3845 bilingues..

1421 3854 1643 3923 Duplici
1668 3865 1845 3904 autem
1872 3852 2057 3921 lingua
2076 3854 2173 3925 qni
2204 3868 2453 3923 utuntur,

1421 3932 1675 3985 infideles
1694 3944 1749 3983 et
1772 3943 2097 3985 veterator-es
2113 3933 2459 4009 improbique

1425 4014 1699 4065 habentur
1732 4028 1747 4062 z
1780 4012 1959 4081 itaque
1996 4012 2315 4067 Hannonem
2328 4056 2345 4076 .
2396 4031 2459 4071 ut

1427 4094 1729 4163 bilinguem
1746 4123 1767 4147 ‚
1792 4089 1925 4143 dicit
1948 4111 2061 4145 esse
2082 4094 2269 4145 bisulca
2288 4097 2462 4165 lingua
