3067 5017
933 470 1271 543 ACTUS
1313 474 1380 561 1,
1429 474 1760 547 scum
1808 476 1905 544 11.
2346 476 2492 552 21⁵

346 589 1036 667 valete.<·1›mt·›scm›.
1072 594 1302 665 Sinon
1325 620 1601 667 moneas
1620 650 1640 685 ,
1660 613 1925 667 nosmet
1942 600 2389 671 meminimus.
2434 640 2488 683 ,-

346 702 517 789 Sed,
555 728 596 772 o
631 701 969 774 Palaemon
989 755 1010 789 ,
1041 720 1272 775 sancte
1307 708 1607 802 Neptuni
1645 732 1867 781 comes
1887 762 1907 797 ,

345 812 648 906 Quique,
683 812 986 901 hercule,
1024 812 1124 883 illi
1165 816 1414 887 socius
1421 842 1561 887 esse
1598 817 1872 907 dicei-ie,

347 922 547 1009 Quod
575 922 837 993 facinus
859 921 1094 993 video!
1125 949 1316 996 DAEM.
1351 926 1539 1018 Quid
1573 926 1805 997 vides?
1836 951 2022 1003 scm).
2058 930 2491 1043 Mulierculas

344 1033 558 1103 Video
595 1036 975 1105 sedenteis
957 1062 1029 1105 ιη
1063 1039 1311 1133 scapha
1351 1038 1524 1109 solas
1560 1039 1749 1109 duaS.

344 1144 439 1213 Ut
473 1144 904 1217 adflictantur
933 1146 1222 1219 miserae!
1255 1174 1426 1243 euge
1467 1174 1681 1246 euge,
1716 1148 2047 1244 perbene,
2430 1180 2485 1235 ,s

341 1254 448 1323 Ab
483 1279 644 1333 saxo
679 1257 925 1325 avortit
965 1256 1210 1327 fluctus
1247 1258 1332 1327 ad
1369 1258 1529 1329 litus
1562 1260 1901 1355 scapham.

339 1365 577 1458 Neque
611 1366 1021 1461 gubernator
1051 1392 1353 1463 unquam
1397 1370 1621 1464 potuit
1646 1366 1968 1468 {rectius}

339 1474 493 1543 Non
535 1474 782 1545 vidisse
819 1476 1031 1547 undas
1066 1503 1176 1546 me
1213 1480 1500 1575 majores
1536 1504 1799 1553 censeo.

338 1580 546 1652 Salvae
581 1600 774 1674 sunt,
811 1586 866 1657 si
903 1585 1053 1657 illos
1086 1588 1332 1658 fluctus
1367 1588 1829 1665 devitaverint.

335 1693 572 1782 Nunc,
613 1720 798 1766 nunc
833 1697 1340 1791 periculum’st3
1381 1698 1583 1795 ejecit
1620 1698 1939 1786 alteram,
2432 1722 2487 1761 ⁸·

334 1804 426 1871 At
461 1802 531 1871 in
569 1804 827 1875 vado’st
855 1834 870 1877 :
892 1808 1035 1903 jam
1067 1807 1259 1877 facile
1295 1808 1527 1877 enahit
1556 1835 1573 1879 :
1612 1808 1921 1905 eugepae!

332 1911 582 1982 Viden'·
617 1913 896 1986 alteram
933 1917 1116 1987 illam
1153 1934 1230 1988 ut
1262 1918 1508 1990 fluetus
1542 1918 1741 2019 ejecit
1774 1918 1993 1994 foras!

332 2022 692 2113 Subrexit3
729 2024 1008 2096 horsum
1044 2053 1116 2096 se
1149 2028 1476 2127 capessit3
1517 2026 1698 2099 salva
1742 2054 1869 2099 res.

331 2132 622 2204 Desiluit
653 2136 797 2206 haec
839 2151 1064 2209 autem
1104 2135 1313 2207 altera
1347 2138 1416 2206 in
1457 2153 1704 2209 terram
1741 2164 1779 2209 e
1818 2138 2087 2245 scapha.

332 2246 430 2313 Ut
461 2270 598 2339 prae
630 2248 872 2316 timore
912 2248 984 2317 in
1018 2273 1236 2345 genua
1272 2249 1344 2317 in
1379 2248 1597 2318 undas
1632 2246 1973 2331 concidit!
2430 2268 2485 2307 ⁸⁵
2594 2244 2607 2255 ⁸

333 2352 528 2423 Salva
547 2353 658 2444 ’st,
699 2358 910 2427 evasit
950 2382 1030 2426 ex
1067 2383 1278 2452 aqua,
1301 2358 1444 2453 jam
1479 2359 1554 2427 in
1589 2356 1787 2428 litore
1802 2357 1903 2431 ἐι

330 2463 464 2533 Sed
508 2465 1021 2536 dextrovorsum
1058 2492 1292 2537 avorsa
1327 2468 1381 2536 it
1417 2470 1488 2539 in
1531 2466 1777 2539 malam
1816 2492 2105 2539 crucem.

329 2574 500 2643 Hem
520 2627 541 2658 ,
569 2576 823 2645 errabit
851 2574 1019 2649 illaec
1046 2574 1283 2648 hodie!
1315 2602 1508 2649 nam.
1534 2579 1722 2671 Quid
1758 2579 1827 2649 id
1861 2578 2065 2649 refert
2099 2580 2263 2648 tua?

327 2708 520 2755 scm».
556 2686 630 2755 Si
659 2684 744 2755 ad
779 2711 1015 2759 saxum
1053 2711 1189 2783 quo
1225 2688 1543 2781 capessit,
1582 2714 1662 2758 ea
1699 2688 2015 2760 deorsum
2043 2686 2256 2775 cadit,

327 2798 705 2868 Errationis
740 2798 973 2869 fecerit
1009 2799 1486 2893 conpendium.
2428 2833 2481 2873 ⁹·

333 2933 525 2985 omn.
563 2911 636 2984 si
679 2924 753 2989 tu
790 2910 876 2979 de
919 2906 1191 2985 illarum
1234 2924 1619 2989 coenaturus
1659 2911 1919 3005 vesperi
1958 2934 2089 2997 es,

409 3124 502 3178 7ο.
536 3106 774 3173 Morem,
817 3105 933 3159 soil.
967 3116 1036 3159 nt
1068 3104 1358 3160 valeamus.
1444 3123 1557 3159 non
1587 3104 1866 3169 hahuisse,
1888 3122 1957 3157 ex
1976 3103 2091 3157 iotis
2111 3114 2293 3175 patetz
2327 3126 2353 3153 ι
2374 3102 2476 3157 vi-

324 3186 506 3241 Lan.
1444 3185 1551 3239 deo
1578 3182 1819 3239 sedantes
1834 3184 1893 3237 in
1912 3184 2111 3256 scapha
2131 3183 2269 3239 solas
2278 3180 2413 3239 duas
2427 3211 2471 3239 a.

406 3266 502 3338 73.
530 3266 764 3319 Facinus.
779 3264 867 3323 Cf.
886 3264 1204 3321 Men-chun.
1234 3264 1322 3317 111
1336 3301 1355 3330 ,
1442 3265 1664 3318 Pte-ron.

335 3364 386 3412 1,
418 3368 469 3401 a.
498 3374 580 3387 —-
606 3346 951 3412 Mulierculae,
983 3358 1086 3400 ato.
1115 3344 1356 3399 Commi·
1525 3347 1622 3415 87.
1645 3345 1708 3397 In
1728 3342 1905 3395 malam
1928 3360 2129 3397 amoena
2154 3344 2219 3395 In
2241 3343 2439 3401 malum
2459 3382 2479 3411 ,

324 3425 606 3480 motionis
657 3436 740 3479 ost
788 3426 896 3479 hoc
945 3424 1351 3479 diminutivum.
1439 3425 1498 3477 in
1519 3422 1835 3496 perniciem.
1860 3422 1990 3477 Vid.
2016 3422 2163 3477 Men.
2186 3422 2335 3476 Ptol.
2372 3426 2467 3477 66.

326 3506 437 3573 Qui
458 3506 588 3558 hinc
609 3503 910 3577 incipiunt,
939 3510 1009 3567 14
1030 3502 1270 3560 versibus
1289 3503 1354 3556 fit
1521 3520 1615 3573 91.
1651 3501 1711 3555 Sa·
1745 3513 1798 3554 m
1831 3501 1892 3554 de
1916 3502 2111 3555 illarum
2130 3539 2146 3566 ,
2178 3514 2286 3555 ete.
2308 3502 2471 3557 Hunc

324 3585 676 3640 enarrationis
693 3587 932 3657 ἐνέργεια,
955 3602 1076 3657 qun
1097 3580 1246 3637 haud
1265 3583 1352 3637 in·
1438 3600 1619 3640 uenena
1650 3594 1759 3635 tam
1786 3582 2078 3653 benignum
2094 3618 2113 3645 ,
2138 3594 2247 3634 tam
2272 3581 2469 3643 libera.

325 3666 489 3720 ferior
510 3664 702 3717 catilla
725 3683 886 3736 quam
908 3676 1192 3734 tantopere
1206 3664 1354 3718 Lon·
1437 3662 1546 3715 lem
1589 3658 1757 3725 (Prol.
1798 3662 1891 3731 37,
1928 3658 2024 3725 38)
2067 3659 2343 3731 prurigine
2392 3664 2474 3731 jo·

325 3745 479 3816 ginno
507 3742 807 3816 Euripidae
831 3744 1164 3799 Phaethonte
1183 3741 1353 3797 admi·
1438 3740 1597 3795 candi
1647 3754 1973 3814 propostam
2021 3741 2087 3811 ab
2134 3739 2467 3795 humanitate

323 3827 558 3881 rabatur.
591 3824 659 3877 N.
1440 3840 1534 3875 sua
1556 3840 1701 3874 nune
1725 3820 1976 3883 abstrahi,
1993 3820 2173 3873 nescio
2195 3838 2260 3879 an
2278 3822 2473 3874 Roma·

405 3924 503 3977 77.
532 3904 701 3977 Neque
722 3904 1020 3973 gubernato»-
1036 3919 1148 3974 unq.
1169 3904 1352 3973 potuit.
1438 3901 1496 3953 ni
1523 3902 1757 3972 probum
1783 3910 2087 3963 censerent,
2108 3918 2206 3953 nos
2234 3918 2372 3970 aegra
2390 3900 2469 3953 fa-

327 3986 498 4051 Quasi
527 3982 702 4037 dicati
735 3982 872 4037 adeo
897 3983 1121 4037 feliciter
1155 3980 1352 4053 scapha
1439 3981 1628 4049 rimus.
1670 3980 1903 4033 Gravius
1940 3978 2099 4031 etiam
2128 3980 2287 4050 hujus
2315 3978 2465 4033 modi
2508 3974 2533 3993 ⁶

324 4064 393 4118 ad
441 4065 569 4118 litus
618 4082 710 4117 sua
759 4076 950 4135 sponte
995 4060 1239 4134 appulit,
1293 4073 1356 4113 ut
1439 4059 1629 4114 decori
1672 4058 1994 4131 negligentia
2036 4074 2317 4130 peccatum
2357 4076 2471 4113 esse

327 4145 506 4197 nullus
538 4145 866 4216 gubernator
891 4142 1082 4201 malins
1108 4138 1352 4194 eamdem
1438 4140 1581 4193 infra
1626 4136 2106 4211 deprehendamus.
2128 4168 2211 4183 -
2242 4140 2459 4211 Vesperi.

326 4242 508 4297 regere
572 4222 849 4295 potuisset.
917 4222 1350 4279 Gubernatorem
1441 4218 1571 4274 vid.
1597 4220 1716 4273 Mil.
1741 4220 1847 4286 IV,
1879 4238 1941 4285 ι,
1970 4213 2024 4274 5.
2049 4219 2119 4273 Ν.
