3067 5017
837 458 1172 527 ACTUs
1221 457 1328 543 Π,
1381 439 1725 529 semu
1778 456 1917 529 v1.
2312 456 2451 529 235

302 586 444 651 Jam
472 634 492 670 ,
539 576 807 665 hercle,
839 580 1134 649 evocabo
1177 579 1334 649 hinc
1374 580 1553 649 hanc
1590 582 2005 651 sacerdotem
2040 579 2221 653 foras
2244 636 2263 669 ‚

306 696 397 763 Ut
433 692 610 759 hanc
637 690 939 785 adcipiat
961 715 1243 759 urnam:
1277 689 1603 759 adcedam
1638 691 1773 761 huc
1804 690 1889 759 ad
1926 690 2145 761 foreis,

305 806 486 871 Heus
509 855 528 889 ‚
570 802 699 888 εἰς,
735 800 1282 889 Ptolemocratia,
1314 826 1478 896 cape
1513 802 1690 871 hanc
1726 826 1965 871 urnam
1992 802 2160 871 tibi:

303 910 705 982 Muliercula
734 911 909 981 hauc
938 912 1166 981 nescio
1201 934 1350 1005 quae
1383 911 1518 980 huc
1555 910 1639 980 ad
1679 936 1787 981 me
1820 909 2082 981 detulit.
2406 931 2457 971 2⁵

301 1025 488 1091 Intro
535 1021 966 1091 feruuda’st:
1005 1022 1226 1115 reperi
1272 1024 1661 1117 negotium3

302 1132 647 1226 Siquidem
688 1131 796 1201 his
833 1132 1000 1201 mihi
1038 1131 1218 1201 ultr'o
1253 1128 1641 1227 adgerunda
1676 1130 1971 1203 etiam’st
2013 1156 2211 1227 aqua.

793 1366 1337 1461 scENA
1414 1328 1967 1460 SEXTA(

883 1603 1251 1673 LABRAX
1273 1657 1294 1691 ‚
1333 1598 1897 1675 CHARMIDES.

305 1848 506 1895 Lana.
547 1822 691 1912 Qui
728 1823 934 1892 homo
972 1846 1112 1891 sese
1147 1822 1470 1892 miserum
1505 1838 1573 1893 et
1608 1822 1991 1895 mendicum
2029 1824 2241 1909 volet,

306 1939 627 2030 Neptuno
665 1932 894 2002 credat
929 1937 1070 2027 sese
1108 1947 1307 2030 atque
1349 1949 1611 2003 aetatem
1654 1958 1889 2023 suam3

307 2048 483 2116 Nam
517 2044 573 2113 si
607 2044 758 2137 quis
792 2042 955 2137 quid
987 2069 1140 2112 cum
1179 2068 1257 2112 eo
1294 2042 1391 2111 rei
1419 2044 1818 2115 conmiscuit
1839 2099 1859 2131 ‚

311 2155 416 2225 Ad
455 2154 591 2223 hoc
633 2151 1014 2247 exemplum
1049 2152 1300 2223 amittit
1341 2171 1657 2223 ornatum
1702 2155 1998 2224 domum.

311 2263 606 2359 Edepol,
642 2264 974 2350 Libet-tm,
1015 2261 1238 2358 lepida
1275 2289 1381 2351 es,
1417 2290 1566 2363 quae
1610 2290 1957 2359 nunquam
1994 2264 2230 2359 pedem

313 2374 606 2445 Voluisti
646 2374 718 2442 in
755 2398 992 2443 navem
1025 2400 1179 2444 cum
1217 2374 1506 2444 Hercule
1548 2400 1685 2444 una
1720 2376 2064 2469 inponere.

315 2485 445 2555 Sed
481 2482 602 2552 uhi
633 2482 746 2552 ille
781 2508 970 2552 meus
1001 2500 1099 2573 est
1135 2484 1407 2578 hospeS‚
1443 2486 1561 2579 qui
1595 2508 1701 2553 me
1734 2483 2071 2579 perdidit?

312 2598 529 2688 Atque
543 2618 776 2663 eccum
796 2592 1068 2663 incedit.
1091 2616 1301 2665 CHAR.
1318 2595 1500 2684 Quo,
1515 2593 1793 2682 malum,
1810 2618 2152 2689 properas,
2169 2594 2465 2663 Labrax?

313 2772 572 2843 inscripta
617 2784 695 2826 est
728 2790 743 2825 ε
778 2772 864 2827 vel
905 2772 1087 2843 potius
1117 2773 1346 2827 Veneris

313 2852 548 2923 imagine
583 2851 870 2925 insignita3
901 2852 1045 2905 unde
1079 2852 1348 2905 sacrificiis

313 2931 574 2985 inservire
607 2930 938 3003 significetur
969 2950 983 2985 τ
1029 2930 1089 2985 id
1115 2931 1261 3003 quod
1290 2932 1347 2985 in

316 3012 573 3065 omnibus
600 3030 874 3065 sacrorum
901 3012 1038 3066 vasis
1074 3012 1348 3066 observari

317 3091 569 3157 solitum,
612 3090 680 3143 ad
715 3092 950 3145 Plinium
987 3110 1051 3145 ex
1089 3092 1349 3144 Athenaeo

316 3184 470 3225 notat
501 3170 746 3225 Hermol.
772 3173 1053 3225 Barbarus.
1085 3170 1347 3242 Apuleius

317 3269 537 3323 quoque
565 3249 663 3305 lib.
684 3252 800 3316 VI,
847 3276 870 3299 ιι
893 3250 1110 3303 lacinias
1126 3270 1261 3303 >auro
1287 3250 1350 3303 li·

318 3343 514 3385 ter-atas
534 3356 558 3377 a·
587 3330 741 3402 fingit
763 3331 1008 3404 Psychen
1036 3331 1092 3385 in
1117 3332 1152 3383 J
1157 3331 1350 3383 unonis

317 3411 444 3465 fano
471 3408 700 3476 vidisse,
739 3410 798 3465 id
827 3422 936 3476 est,
975 3409 1144 3463 literis
1173 3410 1352 3465 aureis

319 3490 624 3563 inscriptas,
651 3492 922 3544 Lites-atum
949 3490 1047 3545 Gr.
1071 3510 1354 3563 γραμματι-

321 3572 401 3625 κὸν
424 3582 678 3638 vocatur,
691 3570 957 3643 quidquid
973 3571 1142 3624 literis
1164 3570 1354 3625 inscri-

320 3663 476 3723 ptum
510 3662 590 3703 est
606 3689 624 3715 ‚
651 3664 704 3705 et
739 3653 974 3721 ποτηρίου
1000 3653 1350 3723 γραμματικοῦ

323 3730 570 3783 meminit
583 3731 742 3786 etiam
753 3732 1087 3803 Lexiphanes
1105 3729 1352 3785 Luciani.

327 3810 564 3865 Casum.

407 3896 503 3955 24.
529 3888 628 3943 Sis.
657 3890 807 3945 Asin.
835 3890 913 3956 11,
945 3891 1000 3956 3,
1027 3889 1352 3960 433Amph.

327 3970 374 4037 1,
403 3990 457 4036 π,
486 3970 616 4025 130.
832 3990 840 3996 ·
1307 3990 1318 4001 ·

407 4057 462 4116 4.
497 4050 594 4104 Ad
633 4050 724 4103 Ιιοσ
763 4051 1062 4121 exemplum,
1110 4062 1171 4103 ut
1217 4066 1354 4119 ego,

328 4146 460 4185 sum.
477 4129 610 4183 Vid.
631 4128 794 4201 Epid.
821 4131 940 4197 ΙΙΙ,
967 4150 1021 4198 2,
1051 4150 1079 4184 a
1099 4148 1117 4195 ς
1139 4128 1350 4198 Captiv.

327 4210 436 4277 111,
469 4211 501 4264 5
522 4249 539 4277 ,
570 4209 668 4265 33.
687 4240 768 4255 ·-—
785 4211 1022 4273 Amittit,
1065 4209 1353 4280 Neptunus

1439 2772 1671 2829 dimittit
1686 2773 2324 2838 eum.—Omatum.Cf.I,
2341 2774 2395 2839 3,
2414 2774 2469 2827 3.

1524 2858 1577 2908 6.
1608 2854 1731 2908 Cum
1756 2854 1985 2906 Hercule.
2012 2854 2147 2918 Quae
2167 2853 2280 2907 haec
2305 2853 2467 2905 liber·

1437 2946 1518 2986 tas
1535 2974 1551 2999 ‚
1582 2952 1700 3005 quae
1720 2950 1844 2987 cum
1868 2934 2099 2987 Hercule
2124 2932 2299 2985 noluit
2319 2932 2465 2985 navi-

1437 3014 1601 3084 gare?
1631 3016 1682 3067 N
1687 3025 1970 3083 tigamenta
2010 3030 2174 3066 mera.
2215 3014 2361 3081 Lego
2401 3030 2465 3065 ex

1437 3106 1569 3146 vett.
1614 3092 1771 3147 codd.
1829 3118 1851 3141 ι
1878 3093 1936 3145 in
1982 3111 2173 3146 navem
2223 3110 2464 3157 mecum,

1430 3171 1649 3237 ‘hen-cle,
1694 3192 1802 3225 una
1847 3172 2126 3241 imponere
2152 3197 2200 3225 ι.
2242 3172 2275 3223 J
2278 3184 2464 3225 ocatur

1439 3251 1613 3305 adhuc
1643 3254 1768 3305 leuo
1799 3252 1855 3305 in
1891 3252 2099 3305 miseria
2127 3270 2251 3315 sua,
2282 3250 2465 3303 dicens

1440 3350 1496 3385 se
1521 3330 1825 3386 mendicum
1856 3332 2089 3397 factum,
2128 3329 2467 3401 amisiss'cque

1442 3408 1627 3463 omnes
1687 3412 1927 3464 fortunas
1974 3430 2092 3465 suas
2144 3410 2424 3480 naufragio
2444 3446 2461 3472 ,

1439 3503 1635 3563 prater
1657 3491 2005 3556 Libertatem,
2028 3511 2145 3563 qum
2166 3508 2345 3543 secum
2372 3508 2467 3559 pe·

1441 3569 1564 3624 dem
1579 3570 1757 3623 navim
1769 3571 1966 3626 inferre
1978 3573 2107 3623 nolu
2115 3570 2468 3623 danubinum.

1441 3651 1657 3715 -Quae
1678 3650 1747 3703 sit
1766 3651 1859 3705 illa
1879 3652 2119 3704 Libertas
2134 3648 2333 3713 nescio,
2347 3667 2469 3719 quae

1440 3749 1717 3801 nunquam
1747 3731 1920 3782 voluit
1949 3730 2143 3800 pedem
2172 3746 2295 3782 cum
2327 3730 2466 3781 Her-

1441 3810 1565 3865 cule
1588 3828 1695 3862 una
1728 3810 1783 3862 in
1820 3828 2010 3863 navem
2050 3810 2347 3879 imponere.
2378 3808 2471 3862 Al-

1441 3888 1585 3943 ludit
1600 3888 1669 3943 ad
1689 3886 1920 3960 aliquam
1945 3890 2175 3942 fabulam
2194 3906 2313 3959 quae
2331 3889 2465 3941 mihi

1441 3970 1626 4040 ignota
1654 3982 1750 4023 est.
1779 3971 2009 4023 Suum.
2026 3968 2475 4039 *Vehementer

1443 4049 1688 4121 profecto
1714 4049 2015 4119 significans
2040 4049 2143 4101 fuit
2170 4062 2331 4119 atque
2348 4049 2471 4103 altae

1444 4128 1715 4200 sapientia
1740 4129 1834 4181 ina
1860 4142 2011 4183 vetus
2032 4129 2300 4201 allegoria.

1528 4210 1581 4261 8.
1609 4208 1816 4265 Malum.
1842 4209 2039 4282 Amph.
2062 4211 2117 4276 1,
2152 4230 2203 4275 ι,
2236 4229 2263 4261 2
2280 4215 2373 4279 47.
