<?xml version="1.0" encoding="UTF-8"?>
<!DOCTYPE html PUBLIC "-//W3C//DTD XHTML 1.0 Transitional//EN"
    "http://www.w3.org/TR/xhtml1/DTD/xhtml1-transitional.dtd">
<html xmlns="http://www.w3.org/1999/xhtml" xml:lang="en" lang="en">
 <head>
  <title>
</title>
<meta http-equiv="Content-Type" content="text/html;charset=utf-8" />
  <meta name='ocr-system' content='tesseract 3.04.00' />
  <meta name='ocr-capabilities' content='ocr_page ocr_carea ocr_par ocr_line ocrx_word'/>
</head>
<body>
  <div class='ocr_page' id='page_1' title='image "./macciiplauticom00naudgoog_0581.png"; bbox 0 0 3067 5017; ppageno 0'>
   <div class='ocr_carea' id='block_1_1' title="bbox 880 466 2478 566">
    <p class='ocr_par' dir='ltr' id='par_1_1' title="bbox 880 466 2478 566">
     <span class='ocr_line' id='line_1_1' title="bbox 880 466 2478 566; baseline 0.007 -32"><span class='ocrx_word' id='word_1_1' title='bbox 880 466 1214 535; x_wconf 87' lang='lat' dir='ltr'>ACTUS</span> <span class='ocrx_word' id='word_1_2' title='bbox 1261 468 1374 551; x_wconf 88' lang='grc' dir='ltr'><strong>ΙΙ,</strong></span> <span class='ocrx_word' id='word_1_3' title='bbox 1425 467 1764 538; x_wconf 85' lang='lat' dir='ltr'><strong>SCENA</strong></span> <span class='ocrx_word' id='word_1_4' title='bbox 1810 473 1939 541; x_wconf 85' lang='lat' dir='ltr'><strong>lv.</strong></span> <span class='ocrx_word' id='word_1_5' title='bbox 2336 469 2478 566; x_wconf 82' lang='lat'><strong>573</strong></span> 
     </span>
    </p>
   </div>
   <div class='ocr_carea' id='block_1_2' title="bbox 291 583 2476 1020">
    <p class='ocr_par' dir='ltr' id='par_1_2' title="bbox 291 583 2476 1020">
     <span class='ocr_line' id='line_1_2' title="bbox 291 583 2474 689; baseline 0.002 -29"><span class='ocrx_word' id='word_1_6' title='bbox 291 607 502 661; x_wconf 89' lang='lat' dir='ltr'><strong>estne</strong></span> <span class='ocrx_word' id='word_1_7' title='bbox 539 587 768 684; x_wconf 88' lang='lat' dir='ltr'><strong>aliqua</strong></span> <span class='ocrx_word' id='word_1_8' title='bbox 813 587 936 656; x_wconf 88' lang='lat' dir='ltr'><strong>tibi</strong></span> <span class='ocrx_word' id='word_1_9' title='bbox 973 587 1202 657; x_wconf 90' lang='lat' dir='ltr'><strong>arcula</strong></span> <span class='ocrx_word' id='word_1_10' title='bbox 1237 589 1498 658; x_wconf 82' lang='lat' dir='ltr'><strong>inanis?</strong></span> <span class='ocrx_word' id='word_1_11' title='bbox 1538 614 1755 674; x_wconf 76' lang='lat' dir='ltr'><strong>QUER.</strong></span> <span class='ocrx_word' id='word_1_12' title='bbox 1803 583 1977 665; x_wconf 53' lang='lat' dir='ltr'><strong>Non&#39;</strong></span> <span class='ocrx_word' id='word_1_13' title='bbox 2008 620 2143 664; x_wconf 89' lang='lat' dir='ltr'><strong>una</strong></span> <span class='ocrx_word' id='word_1_14' title='bbox 2177 594 2474 689; x_wconf 85' lang='lat' dir='ltr'><strong>quidem.</strong></span> 
     </span>
     <span class='ocr_line' id='line_1_3' title="bbox 297 701 2472 794; baseline 0.002 -22"><span class='ocrx_word' id='word_1_15' title='bbox 297 709 606 772; x_wconf 71' lang='lat' dir='ltr'><strong>MANDR.</strong></span> <span class='ocrx_word' id='word_1_16' title='bbox 649 703 806 768; x_wconf 86' lang='lat' dir='ltr'><strong>Una</strong></span> <span class='ocrx_word' id='word_1_17' title='bbox 847 713 1110 768; x_wconf 89' lang='lat' dir='ltr'><strong>tantum</strong></span> <span class='ocrx_word' id='word_1_18' title='bbox 1147 714 1248 768; x_wconf 91' lang='lat' dir='ltr'><strong>est</strong></span> <span class='ocrx_word' id='word_1_19' title='bbox 1281 725 1453 793; x_wconf 91' lang='lat' dir='ltr'><strong>opus</strong></span> <span class='ocrx_word' id='word_1_20' title='bbox 1478 755 1497 787; x_wconf 88' lang='lat'>‚</span> <span class='ocrx_word' id='word_1_21' title='bbox 1533 701 1601 768; x_wconf 87' lang='lat' dir='ltr'><strong>in</strong></span> <span class='ocrx_word' id='word_1_22' title='bbox 1648 727 1783 794; x_wconf 91' lang='lat' dir='ltr'><strong>qua</strong></span> <span class='ocrx_word' id='word_1_23' title='bbox 1824 701 2113 775; x_wconf 85' lang='lat' dir='ltr'><strong>lustrum</strong></span> <span class='ocrx_word' id='word_1_24' title='bbox 2152 704 2319 774; x_wconf 92' lang='lat' dir='ltr'><strong>illud</strong></span> <span class='ocrx_word' id='word_1_25' title='bbox 2361 733 2472 776; x_wconf 87' lang='lat' dir='ltr'><strong>ex-</strong></span> 
     </span>
     <span class='ocr_line' id='line_1_4' title="bbox 294 810 2473 908; baseline 0.001 -26"><span class='ocrx_word' id='word_1_26' title='bbox 294 825 626 908; x_wconf 82' lang='lat' dir='ltr'><strong>portetur</strong></span> <span class='ocrx_word' id='word_1_27' title='bbox 673 811 870 879; x_wconf 82' lang='lat' dir='ltr'><strong>foraS.</strong></span> <span class='ocrx_word' id='word_1_28' title='bbox 924 833 1142 894; x_wconf 79' lang='lat' dir='ltr'><strong>QUER.</strong></span> <span class='ocrx_word' id='word_1_29' title='bbox 1190 813 1370 904; x_wconf 86' lang='lat' dir='ltr'><strong>Ergo</strong></span> <span class='ocrx_word' id='word_1_30' title='bbox 1409 826 1476 879; x_wconf 91' lang='lat' dir='ltr'><strong>et</strong></span> <span class='ocrx_word' id='word_1_31' title='bbox 1507 810 1726 880; x_wconf 89' lang='lat' dir='ltr'><strong>claves</strong></span> <span class='ocrx_word' id='word_1_32' title='bbox 1776 811 2049 907; x_wconf 83' lang='lat' dir='ltr'><strong>largior,</strong></span> <span class='ocrx_word' id='word_1_33' title='bbox 2090 831 2165 884; x_wconf 90' lang='lat' dir='ltr'><strong>ut</strong></span> <span class='ocrx_word' id='word_1_34' title='bbox 2218 815 2473 884; x_wconf 89' lang='lat' dir='ltr'><strong>inclusa</strong></span> 
     </span>
     <span class='ocr_line' id='line_1_5' title="bbox 295 920 2476 1020; baseline 0.001 -28"><span class='ocrx_word' id='word_1_35' title='bbox 295 921 714 992; x_wconf 86' lang='lat' dir='ltr'>excludatur</span> <span class='ocrx_word' id='word_1_36' title='bbox 757 920 1120 990; x_wconf 78' lang='lat' dir='ltr'><strong>calamitas,</strong></span> <span class='ocrx_word' id='word_1_37' title='bbox 1157 945 1437 992; x_wconf 79' lang='lat' dir='ltr'>MANDR.</span> <span class='ocrx_word' id='word_1_38' title='bbox 1470 923 1720 992; x_wconf 90' lang='lat' dir='ltr'><strong>Omnia</strong></span> <span class='ocrx_word' id='word_1_39' title='bbox 1758 938 1915 991; x_wconf 89' lang='lat' dir='ltr'><strong>sunt</strong></span> <span class='ocrx_word' id='word_1_40' title='bbox 1950 940 2217 1019; x_wconf 88' lang='lat' dir='ltr'><strong>peracta</strong></span> <span class='ocrx_word' id='word_1_41' title='bbox 2241 981 2260 1014; x_wconf 93' lang='lat'><strong><em>‚</em></strong></span> <span class='ocrx_word' id='word_1_42' title='bbox 2294 927 2476 1020; x_wconf 88' lang='lat' dir='ltr'><strong>quod</strong></span> 
     </span>
    </p>
   </div>
   <div class='ocr_carea' id='block_1_3' title="bbox 295 1030 2474 1214">
    <p class='ocr_par' dir='ltr' id='par_1_3' title="bbox 295 1030 2474 1214">
     <span class='ocr_line' id='line_1_6' title="bbox 295 1030 2474 1129; baseline 0.002 -29"><span class='ocrx_word' id='word_1_43' title='bbox 295 1035 614 1119; x_wconf 87' lang='lat' dir='ltr'><strong>bonum,</strong></span> <span class='ocrx_word' id='word_1_44' title='bbox 664 1033 960 1102; x_wconf 81' lang='lat' dir='ltr'><strong>faustum</strong></span> <span class='ocrx_word' id='word_1_45' title='bbox 1010 1030 1303 1124; x_wconf 82' lang='lat' dir='ltr'><strong>felixque</strong></span> <span class='ocrx_word' id='word_1_46' title='bbox 1361 1031 1447 1100; x_wconf 92' lang='lat' dir='ltr'><strong>sit</strong></span> <span class='ocrx_word' id='word_1_47' title='bbox 1514 1031 1675 1100; x_wconf 89' lang='lat' dir='ltr'><strong>huic</strong></span> <span class='ocrx_word' id='word_1_48' title='bbox 1730 1031 1981 1104; x_wconf 86' lang='lat' dir='ltr'><strong>domui.</strong></span> <span class='ocrx_word' id='word_1_49' title='bbox 2037 1039 2178 1108; x_wconf 90' lang='lat' dir='ltr'><strong>Nos</strong></span> <span class='ocrx_word' id='word_1_50' title='bbox 2234 1050 2474 1129; x_wconf 86' lang='lat' dir='ltr'><strong>praesto</strong></span> 
     </span>
     <span class='ocr_line' id='line_1_7' title="bbox 299 1167 575 1214; baseline -0.004 -2"><span class='ocrx_word' id='word_1_51' title='bbox 299 1167 575 1214; x_wconf 81' lang='lat' dir='ltr'><strong>sumus,</strong></span> 
     </span>
    </p>
   </div>
   <div class='ocr_carea' id='block_1_4' title="bbox 799 1372 1981 1487">
    <p class='ocr_par' dir='ltr' id='par_1_4' title="bbox 799 1372 1981 1487">
     <span class='ocr_line' id='line_1_8' title="bbox 799 1372 1981 1487; baseline -0.001 -27"><span class='ocrx_word' id='word_1_52' title='bbox 799 1372 1256 1461; x_wconf 84' lang='lat' dir='ltr'><strong>SCENA</strong></span> <span class='ocrx_word' id='word_1_53' title='bbox 1341 1373 1981 1487; x_wconf 81' lang='lat' dir='ltr'><strong>QUARTA.</strong></span> 
     </span>
    </p>
   </div>
   <div class='ocr_carea' id='block_1_5' title="bbox 910 1611 1898 1699">
    <p class='ocr_par' dir='ltr' id='par_1_5' title="bbox 910 1611 1898 1699">
     <span class='ocr_line' id='line_1_9' title="bbox 910 1611 1898 1699; baseline 0 -21"><span class='ocrx_word' id='word_1_54' title='bbox 910 1611 1571 1699; x_wconf 86' lang='lat' dir='ltr'><strong>PANTOMALUS‚</strong></span> <span class='ocrx_word' id='word_1_55' title='bbox 1617 1633 1898 1682; x_wconf 60' lang='lat' dir='ltr'><strong>manvus,</strong></span> 
     </span>
    </p>
   </div>
   <div class='ocr_carea' id='block_1_6' title="bbox 253 1803 2529 4334">
    <p class='ocr_par' dir='ltr' id='par_1_6' title="bbox 312 1803 2487 3448">
     <span class='ocr_line' id='line_1_10' title="bbox 416 1803 2479 1900; baseline 0.001 -22"><span class='ocrx_word' id='word_1_56' title='bbox 416 1805 706 1878; x_wconf 89' lang='lat' dir='ltr'><strong>Omneis</strong></span> <span class='ocrx_word' id='word_1_57' title='bbox 739 1806 1016 1900; x_wconf 88' lang='lat' dir='ltr'><strong>quidem</strong></span> <span class='ocrx_word' id='word_1_58' title='bbox 1055 1805 1368 1874; x_wconf 87' lang='lat' dir='ltr'><strong>dominos</strong></span> <span class='ocrx_word' id='word_1_59' title='bbox 1397 1803 1605 1874; x_wconf 88' lang='lat' dir='ltr'><strong>malos</strong></span> <span class='ocrx_word' id='word_1_60' title='bbox 1642 1829 1784 1873; x_wconf 88' lang='lat' dir='ltr'><strong>esse</strong></span> <span class='ocrx_word' id='word_1_61' title='bbox 1816 1820 2117 1895; x_wconf 80' lang='lat' dir='ltr'><strong>constat,</strong></span> <span class='ocrx_word' id='word_1_62' title='bbox 2158 1825 2225 1878; x_wconf 90' lang='lat' dir='ltr'><strong>et</strong></span> <span class='ocrx_word' id='word_1_63' title='bbox 2267 1814 2479 1880; x_wconf 89' lang='lat' dir='ltr'><strong>mani-</strong></span> 
     </span>
     <span class='ocr_line' id='line_1_11' title="bbox 312 1915 2477 2009; baseline 0.001 -20"><span class='ocrx_word' id='word_1_64' title='bbox 312 1918 757 1988; x_wconf 90' lang='lat' dir='ltr'><strong>festissimum</strong></span> <span class='ocrx_word' id='word_1_65' title='bbox 803 1930 901 1983; x_wconf 82' lang='lat' dir='ltr'><strong>est</strong></span> <span class='ocrx_word' id='word_1_66' title='bbox 957 1942 973 1985; x_wconf 88' lang='lat'>:</span> <span class='ocrx_word' id='word_1_67' title='bbox 1041 1941 1274 1984; x_wconf 86' lang='lat' dir='ltr'><strong>verum</strong></span> <span class='ocrx_word' id='word_1_68' title='bbox 1323 1915 1483 1983; x_wconf 91' lang='lat' dir='ltr'><strong>satis</strong></span> <span class='ocrx_word' id='word_1_69' title='bbox 1532 1940 1682 1983; x_wconf 88' lang='lat' dir='ltr'><strong>sum</strong></span> <span class='ocrx_word' id='word_1_70' title='bbox 1726 1931 2079 2009; x_wconf 84' lang='lat' dir='ltr'><strong>expertus,</strong></span> <span class='ocrx_word' id='word_1_71' title='bbox 2123 1920 2291 1988; x_wconf 90' lang='lat' dir='ltr'><strong>nihil</strong></span> <span class='ocrx_word' id='word_1_72' title='bbox 2336 1949 2477 1992; x_wconf 88' lang='lat' dir='ltr'><strong>esse</strong></span> 
     </span>
     <span class='ocr_line' id='line_1_12' title="bbox 313 2023 2476 2119; baseline 0.001 -21"><span class='ocrx_word' id='word_1_73' title='bbox 313 2027 620 2098; x_wconf 88' lang='lat' dir='ltr'><strong>deterius</strong></span> <span class='ocrx_word' id='word_1_74' title='bbox 663 2051 834 2095; x_wconf 78' lang='lat' dir='ltr'><strong>meo,</strong></span> <span class='ocrx_word' id='word_1_75' title='bbox 897 2029 1055 2096; x_wconf 90' lang='lat' dir='ltr'><strong>Non</strong></span> <span class='ocrx_word' id='word_1_76' title='bbox 1118 2025 1393 2119; x_wconf 89' lang='lat' dir='ltr'><strong>quidem</strong></span> <span class='ocrx_word' id='word_1_77' title='bbox 1453 2023 1873 2118; x_wconf 87' lang='lat' dir='ltr'><strong>periculosus</strong></span> <span class='ocrx_word' id='word_1_78' title='bbox 1924 2025 2037 2094; x_wconf 91' lang='lat' dir='ltr'><strong>ille</strong></span> <span class='ocrx_word' id='word_1_79' title='bbox 2087 2044 2186 2097; x_wconf 87' lang='lat' dir='ltr'><strong>est</strong></span> <span class='ocrx_word' id='word_1_80' title='bbox 2238 2030 2476 2115; x_wconf 83' lang='lat' dir='ltr'><strong>hom0‚</strong></span> 
     </span>
     <span class='ocr_line' id='line_1_13' title="bbox 317 2135 2475 2231; baseline 0 -21"><span class='ocrx_word' id='word_1_81' title='bbox 317 2164 567 2209; x_wconf 86' lang='lat' dir='ltr'><strong>verum</strong></span> <span class='ocrx_word' id='word_1_82' title='bbox 592 2140 898 2231; x_wconf 88' lang='lat' dir='ltr'><strong>ingratus</strong></span> <span class='ocrx_word' id='word_1_83' title='bbox 931 2135 1216 2204; x_wconf 90' lang='lat' dir='ltr'><strong>nimium</strong></span> <span class='ocrx_word' id='word_1_84' title='bbox 1249 2150 1317 2203; x_wconf 90' lang='lat' dir='ltr'><strong>et</strong></span> <span class='ocrx_word' id='word_1_85' title='bbox 1336 2135 1670 2204; x_wconf 79' lang='lat' dir='ltr'><strong>rancidus,</strong></span> <span class='ocrx_word' id='word_1_86' title='bbox 1715 2140 1997 2206; x_wconf 81' lang='lat' dir='ltr'><strong>Furtum</strong></span> <span class='ocrx_word' id='word_1_87' title='bbox 2031 2140 2082 2207; x_wconf 91' lang='lat' dir='ltr'><strong>si</strong></span> <span class='ocrx_word' id='word_1_88' title='bbox 2112 2140 2475 2211; x_wconf 88' lang='lat' dir='ltr'><strong>admissum</strong></span> 
     </span>
     <span class='ocr_line' id='line_1_14' title="bbox 313 2244 2479 2338; baseline 0.001 -18"><span class='ocrx_word' id='word_1_89' title='bbox 313 2249 513 2320; x_wconf 89' lang='lat' dir='ltr'><strong>domi</strong></span> <span class='ocrx_word' id='word_1_90' title='bbox 538 2248 762 2332; x_wconf 86' lang='lat' dir='ltr'><strong>fuerit,</strong></span> <span class='ocrx_word' id='word_1_91' title='bbox 792 2261 1170 2315; x_wconf 84' lang='lat' dir='ltr'><strong>exsecratur</strong></span> <span class='ocrx_word' id='word_1_92' title='bbox 1198 2261 1540 2338; x_wconf 82' lang='lat' dir='ltr'><strong>tamquam</strong></span> <span class='ocrx_word' id='word_1_93' title='bbox 1565 2244 1836 2338; x_wconf 81' lang='lat' dir='ltr'><strong>aliquod</strong></span> <span class='ocrx_word' id='word_1_94' title='bbox 1858 2248 2067 2319; x_wconf 84' lang='lat' dir='ltr'><strong>scelus</strong></span> <span class='ocrx_word' id='word_1_95' title='bbox 2098 2275 2114 2318; x_wconf 74' lang='grc' dir='ltr'><strong><em>ε</em></strong></span> <span class='ocrx_word' id='word_1_96' title='bbox 2143 2254 2195 2318; x_wconf 89' lang='lat' dir='ltr'><strong>si</strong></span> <span class='ocrx_word' id='word_1_97' title='bbox 2225 2252 2479 2322; x_wconf 84' lang='lat' dir='ltr'><strong>destrui</strong></span> 
     </span>
     <span class='ocr_line' id='line_1_15' title="bbox 317 2353 2477 2456; baseline 0.001 -26"><span class='ocrx_word' id='word_1_98' title='bbox 317 2358 586 2456; x_wconf 89' lang='lat' dir='ltr'><strong>aliquid</strong></span> <span class='ocrx_word' id='word_1_99' title='bbox 624 2357 881 2443; x_wconf 82' lang='lat' dir='ltr'><strong>videat,</strong></span> <span class='ocrx_word' id='word_1_100' title='bbox 917 2356 1242 2424; x_wconf 88' lang='lat' dir='ltr'><strong>continuo</strong></span> <span class='ocrx_word' id='word_1_101' title='bbox 1281 2353 1530 2423; x_wconf 90' lang='lat' dir='ltr'><strong>clamat</strong></span> <span class='ocrx_word' id='word_1_102' title='bbox 1566 2370 1633 2422; x_wconf 89' lang='lat' dir='ltr'><strong>et</strong></span> <span class='ocrx_word' id='word_1_103' title='bbox 1669 2353 2009 2426; x_wconf 86' lang='lat' dir='ltr'><strong>maledicit</strong></span> <span class='ocrx_word' id='word_1_104' title='bbox 2047 2387 2247 2453; x_wconf 92' lang='lat' dir='ltr'><strong>quam</strong></span> <span class='ocrx_word' id='word_1_105' title='bbox 2282 2363 2477 2434; x_wconf 90' lang='lat' dir='ltr'><strong>male.</strong></span> 
     </span>
     <span class='ocr_line' id='line_1_16' title="bbox 317 2464 2481 2560; baseline 0 -19"><span class='ocrx_word' id='word_1_106' title='bbox 317 2469 552 2542; x_wconf 87' lang='lat' dir='ltr'><strong>Sedile</strong></span> <span class='ocrx_word' id='word_1_107' title='bbox 572 2521 590 2554; x_wconf 88' lang='lat'>‚</span> <span class='ocrx_word' id='word_1_108' title='bbox 626 2492 922 2535; x_wconf 89' lang='lat' dir='ltr'><strong>mensam</strong></span> <span class='ocrx_word' id='word_1_109' title='bbox 946 2520 964 2553; x_wconf 86' lang='lat'>‚</span> <span class='ocrx_word' id='word_1_110' title='bbox 995 2464 1238 2534; x_wconf 86' lang='lat' dir='ltr'><strong>lectum</strong></span> <span class='ocrx_word' id='word_1_111' title='bbox 1275 2466 1329 2533; x_wconf 94' lang='lat' dir='ltr'><strong>si</strong></span> <span class='ocrx_word' id='word_1_112' title='bbox 1363 2464 1605 2560; x_wconf 92' lang='lat' dir='ltr'><strong>aliquis</strong></span> <span class='ocrx_word' id='word_1_113' title='bbox 1636 2465 1707 2532; x_wconf 89' lang='lat' dir='ltr'><strong>in</strong></span> <span class='ocrx_word' id='word_1_114' title='bbox 1738 2466 1963 2560; x_wconf 87' lang='lat' dir='ltr'><strong>ignem</strong></span> <span class='ocrx_word' id='word_1_115' title='bbox 1994 2470 2259 2554; x_wconf 90' lang='lat' dir='ltr'><strong>iniciat,</strong></span> <span class='ocrx_word' id='word_1_116' title='bbox 2300 2475 2481 2542; x_wconf 89' lang='lat' dir='ltr'><strong>festi-</strong></span> 
     </span>
     <span class='ocr_line' id='line_1_17' title="bbox 321 2575 2480 2680; baseline 0 -29"><span class='ocrx_word' id='word_1_117' title='bbox 321 2583 518 2651; x_wconf 87' lang='lat' dir='ltr'><strong>natio</strong></span> <span class='ocrx_word' id='word_1_118' title='bbox 559 2594 788 2648; x_wconf 85' lang='lat' dir='ltr'><strong>nostra</strong></span> <span class='ocrx_word' id='word_1_119' title='bbox 825 2593 902 2646; x_wconf 91' lang='lat' dir='ltr'><strong>ut</strong></span> <span class='ocrx_word' id='word_1_120' title='bbox 947 2577 1144 2663; x_wconf 85' lang='lat' dir='ltr'><strong>solet,</strong></span> <span class='ocrx_word' id='word_1_121' title='bbox 1183 2579 1387 2646; x_wconf 90' lang='lat' dir='ltr'><strong>etiam</strong></span> <span class='ocrx_word' id='word_1_122' title='bbox 1429 2575 1601 2680; x_wconf 50' lang='lat' dir='ltr'><strong>hinc·</strong></span> <span class='ocrx_word' id='word_1_123' title='bbox 1625 2577 1953 2669; x_wconf 88' lang='lat' dir='ltr'><strong>queritur.</strong></span> <span class='ocrx_word' id='word_1_124' title='bbox 1996 2583 2198 2649; x_wconf 90' lang='lat' dir='ltr'><strong>Tecta</strong></span> <span class='ocrx_word' id='word_1_125' title='bbox 2238 2583 2292 2650; x_wconf 91' lang='lat' dir='ltr'><strong>si</strong></span> <span class='ocrx_word' id='word_1_126' title='bbox 2329 2609 2480 2676; x_wconf 91' lang='lat' dir='ltr'><strong>per-</strong></span> 
     </span>
     <span class='ocr_line' id='line_1_18' title="bbox 323 2671 2483 2783; baseline 0 -20"><span class='ocrx_word' id='word_1_127' title='bbox 323 2671 597 2778; x_wconf 80' lang='lat' dir='ltr'><strong>colent‚</strong></span> <span class='ocrx_word' id='word_1_128' title='bbox 653 2692 708 2759; x_wconf 87' lang='lat' dir='ltr'><strong>si</strong></span> <span class='ocrx_word' id='word_1_129' title='bbox 762 2688 1280 2783; x_wconf 78' lang='lat' dir='ltr'><strong>confringantur</strong></span> <span class='ocrx_word' id='word_1_130' title='bbox 1341 2688 1555 2774; x_wconf 81' lang='lat' dir='ltr'><strong>foreS‚</strong></span> <span class='ocrx_word' id='word_1_131' title='bbox 1608 2687 1836 2756; x_wconf 90' lang='lat' dir='ltr'><strong>omnia</strong></span> <span class='ocrx_word' id='word_1_132' title='bbox 1894 2687 1980 2756; x_wconf 85' lang='lat' dir='ltr'><strong>ad</strong></span> <span class='ocrx_word' id='word_1_133' title='bbox 2040 2715 2109 2758; x_wconf 90' lang='lat' dir='ltr'><strong>se</strong></span> <span class='ocrx_word' id='word_1_134' title='bbox 2164 2709 2483 2765; x_wconf 83' lang='lat' dir='ltr'><strong>revocat:</strong></span> 
     </span>
     <span class='ocr_line' id='line_1_19' title="bbox 322 2797 2483 2895; baseline -0 -23"><span class='ocrx_word' id='word_1_135' title='bbox 322 2803 561 2872; x_wconf 87' lang='lat' dir='ltr'><strong>omnia</strong></span> <span class='ocrx_word' id='word_1_136' title='bbox 595 2801 880 2894; x_wconf 84' lang='lat' dir='ltr'><strong>requirit</strong></span> <span class='ocrx_word' id='word_1_137' title='bbox 936 2826 952 2868; x_wconf 70' lang='grc' dir='ltr'><em>ε</em></span> <span class='ocrx_word' id='word_1_138' title='bbox 1003 2797 1263 2884; x_wconf 88' lang='lat' dir='ltr'><strong>hercle,</strong></span> <span class='ocrx_word' id='word_1_139' title='bbox 1297 2799 1407 2866; x_wconf 89' lang='lat' dir='ltr'><strong>hic</strong></span> <span class='ocrx_word' id='word_1_140' title='bbox 1452 2823 1592 2865; x_wconf 88' lang='lat' dir='ltr'><strong>non</strong></span> <span class='ocrx_word' id='word_1_141' title='bbox 1645 2813 1868 2892; x_wconf 85' lang='lat' dir='ltr'><strong>potest</strong></span> <span class='ocrx_word' id='word_1_142' title='bbox 1906 2798 2483 2895; x_wconf 77' lang='lat' dir='ltr'><strong>ferri.‘Expensas</strong></span> 
     </span>
     <span class='ocr_line' id='line_1_20' title="bbox 323 2908 2484 3006; baseline -0.001 -22"><span class='ocrx_word' id='word_1_143' title='bbox 323 2930 560 2984; x_wconf 89' lang='lat' dir='ltr'><strong>autem</strong></span> <span class='ocrx_word' id='word_1_144' title='bbox 599 2911 1024 3004; x_wconf 85' lang='lat' dir='ltr'><strong>rationesque</strong></span> <span class='ocrx_word' id='word_1_145' title='bbox 1059 2923 1232 2977; x_wconf 88' lang='lat' dir='ltr'><strong>totas</strong></span> <span class='ocrx_word' id='word_1_146' title='bbox 1273 2909 1549 3003; x_wconf 88' lang='lat' dir='ltr'><strong>propria</strong></span> <span class='ocrx_word' id='word_1_147' title='bbox 1585 2908 1943 3002; x_wconf 87' lang='lat' dir='ltr'><strong>perscribit</strong></span> <span class='ocrx_word' id='word_1_148' title='bbox 1986 2935 2191 2979; x_wconf 90' lang='lat' dir='ltr'><strong>manu</strong></span> <span class='ocrx_word' id='word_1_149' title='bbox 2233 2938 2248 2980; x_wconf 91' lang='lat'><strong>:</strong></span> <span class='ocrx_word' id='word_1_150' title='bbox 2288 2914 2484 3006; x_wconf 88' lang='lat' dir='ltr'><strong>quid-</strong></span> 
     </span>
     <span class='ocr_line' id='line_1_21' title="bbox 327 3017 2485 3119; baseline 0.001 -28"><span class='ocrx_word' id='word_1_151' title='bbox 327 3021 502 3119; x_wconf 88' lang='lat' dir='ltr'><strong>quid</strong></span> <span class='ocrx_word' id='word_1_152' title='bbox 529 3045 890 3113; x_wconf 87' lang='lat' dir='ltr'><strong>expensum</strong></span> <span class='ocrx_word' id='word_1_153' title='bbox 919 3044 1062 3090; x_wconf 92' lang='lat' dir='ltr'><strong>non</strong></span> <span class='ocrx_word' id='word_1_154' title='bbox 1092 3018 1391 3105; x_wconf 86' lang='lat' dir='ltr'><strong>docetur,</strong></span> <span class='ocrx_word' id='word_1_155' title='bbox 1425 3017 1723 3112; x_wconf 89' lang='lat' dir='ltr'><strong>postulat</strong></span> <span class='ocrx_word' id='word_1_156' title='bbox 1743 3018 1934 3087; x_wconf 89' lang='lat' dir='ltr'><strong>reddi</strong></span> <span class='ocrx_word' id='word_1_157' title='bbox 1966 3021 2109 3090; x_wconf 87' lang='lat' dir='ltr'><strong>sibi.</strong></span> <span class='ocrx_word' id='word_1_158' title='bbox 2130 3024 2213 3089; x_wconf 91' lang='lat' dir='ltr'><strong>In</strong></span> <span class='ocrx_word' id='word_1_159' title='bbox 2246 3024 2485 3094; x_wconf 86' lang='lat' dir='ltr'><strong>itinere</strong></span> 
     </span>
     <span class='ocr_line' id='line_1_22' title="bbox 330 3127 2484 3225; baseline 0.001 -22"><span class='ocrx_word' id='word_1_160' title='bbox 330 3149 560 3203; x_wconf 86' lang='lat' dir='ltr'><strong>autem</strong></span> <span class='ocrx_word' id='word_1_161' title='bbox 587 3156 790 3224; x_wconf 89' lang='lat' dir='ltr'><strong>quam</strong></span> <span class='ocrx_word' id='word_1_162' title='bbox 820 3131 1121 3225; x_wconf 85' lang='lat' dir='ltr'><strong>ingratus</strong></span> <span class='ocrx_word' id='word_1_163' title='bbox 1151 3145 1352 3225; x_wconf 90' lang='lat' dir='ltr'><strong>atque</strong></span> <span class='ocrx_word' id='word_1_164' title='bbox 1381 3127 1857 3221; x_wconf 82' lang='lat' dir='ltr'><strong>intractabilis!</strong></span> <span class='ocrx_word' id='word_1_165' title='bbox 1898 3131 2228 3219; x_wconf 86' lang='lat' dir='ltr'><strong>Quotiens</strong></span> <span class='ocrx_word' id='word_1_166' title='bbox 2257 3151 2484 3206; x_wconf 88' lang='lat' dir='ltr'><strong>autem</strong></span> 
     </span>
     <span class='ocr_line' id='line_1_23' title="bbox 330 3229 2481 3340; baseline 0.003 -28"><span class='ocrx_word' id='word_1_167' title='bbox 330 3259 438 3313; x_wconf 90' lang='lat' dir='ltr'><strong>est</strong></span> <span class='ocrx_word' id='word_1_168' title='bbox 456 3240 979 3311; x_wconf 83' lang='lat' dir='ltr'><strong>antelucandum</strong></span> <span class='ocrx_word' id='word_1_169' title='bbox 999 3295 1017 3326; x_wconf 85' lang='lat'>,</span> <span class='ocrx_word' id='word_1_170' title='bbox 1045 3240 1342 3336; x_wconf 80' lang='lat' dir='ltr'><strong>primum</strong></span> <span class='ocrx_word' id='word_1_171' title='bbox 1368 3240 1530 3308; x_wconf 82' lang='lat' dir='ltr'><strong>vino</strong></span> <span class='ocrx_word' id='word_1_172' title='bbox 1548 3294 1564 3323; x_wconf 80' lang='lat'>‚</span> <span class='ocrx_word' id='word_1_173' title='bbox 1582 3240 1736 3308; x_wconf 90' lang='lat' dir='ltr'><strong>dein</strong></span> <span class='ocrx_word' id='word_1_174' title='bbox 1772 3265 2007 3309; x_wconf 89' lang='lat' dir='ltr'><strong>somno</strong></span> <span class='ocrx_word' id='word_1_175' title='bbox 2028 3229 2481 3340; x_wconf 77' lang='lat' dir='ltr'><strong>indulgemus:</strong></span> 
     </span>
     <span class='ocr_line' id='line_1_24' title="bbox 333 3350 2487 3448; baseline 0.003 -25"><span class='ocrx_word' id='word_1_176' title='bbox 333 3356 500 3423; x_wconf 90' lang='lat' dir='ltr'><strong>hinc</strong></span> <span class='ocrx_word' id='word_1_177' title='bbox 543 3353 834 3447; x_wconf 89' lang='lat' dir='ltr'><strong>primum</strong></span> <span class='ocrx_word' id='word_1_178' title='bbox 880 3368 978 3421; x_wconf 90' lang='lat' dir='ltr'><strong>est</strong></span> <span class='ocrx_word' id='word_1_179' title='bbox 1010 3352 1335 3447; x_wconf 81' lang='lat' dir='ltr'><strong>jurgium.</strong></span> <span class='ocrx_word' id='word_1_180' title='bbox 1385 3353 1547 3448; x_wconf 81' lang='lat' dir='ltr'><strong>Post</strong></span> <span class='ocrx_word' id='word_1_181' title='bbox 1582 3365 1805 3418; x_wconf 88' lang='lat' dir='ltr'><strong>autem</strong></span> <span class='ocrx_word' id='word_1_182' title='bbox 1847 3350 2020 3418; x_wconf 84' lang='lat' dir='ltr'><strong>inter</strong></span> <span class='ocrx_word' id='word_1_183' title='bbox 2066 3379 2376 3425; x_wconf 88' lang='lat' dir='ltr'><strong>somnum</strong></span> <span class='ocrx_word' id='word_1_184' title='bbox 2420 3376 2487 3429; x_wconf 90' lang='lat' dir='ltr'><strong>et</strong></span> 
     </span>
    </p>

    <p class='ocr_par' dir='ltr' id='par_1_7' title="bbox 253 3461 2529 4334">
     <span class='ocr_line' id='line_1_25' title="bbox 335 3461 2487 3556; baseline 0.002 -22"><span class='ocrx_word' id='word_1_185' title='bbox 335 3479 663 3534; x_wconf 89' lang='lat' dir='ltr'><strong>temetum</strong></span> <span class='ocrx_word' id='word_1_186' title='bbox 709 3487 974 3531; x_wconf 90' lang='lat' dir='ltr'><strong>necesse</strong></span> <span class='ocrx_word' id='word_1_187' title='bbox 1011 3477 1149 3548; x_wconf 88' lang='lat' dir='ltr'><strong>est,</strong></span> <span class='ocrx_word' id='word_1_188' title='bbox 1189 3477 1264 3531; x_wconf 88' lang='lat' dir='ltr'><strong>ut</strong></span> <span class='ocrx_word' id='word_1_189' title='bbox 1307 3477 1675 3556; x_wconf 83' lang='lat' dir='ltr'><strong>sequantur</strong></span> <span class='ocrx_word' id='word_1_190' title='bbox 1714 3461 2008 3555; x_wconf 83' lang='lat' dir='ltr'><strong>plurima</strong></span> <span class='ocrx_word' id='word_1_191' title='bbox 2043 3490 2058 3532; x_wconf 92' lang='lat'><strong>:</strong></span> <span class='ocrx_word' id='word_1_192' title='bbox 2108 3467 2305 3534; x_wconf 89' lang='lat' dir='ltr'><strong>turba</strong></span> <span class='ocrx_word' id='word_1_193' title='bbox 2348 3483 2487 3540; x_wconf 89' lang='lat' dir='ltr'><strong>tre-</strong></span> 
     </span>
     <span class='ocr_line' id='line_1_26' title="bbox 253 3565 2488 3670; baseline 0 -25"><span class='ocrx_word' id='word_1_194' title='bbox 253 3565 260 3574; x_wconf 31' lang='lat'><strong>·</strong></span> <span class='ocrx_word' id='word_1_195' title='bbox 337 3577 536 3670; x_wconf 84' lang='lat' dir='ltr'><strong>pida‚</strong></span> <span class='ocrx_word' id='word_1_196' title='bbox 606 3573 1003 3668; x_wconf 89' lang='lat' dir='ltr'><strong>perquisitio</strong></span> <span class='ocrx_word' id='word_1_197' title='bbox 1058 3573 1561 3667; x_wconf 82' lang='lat' dir='ltr'><strong>jumentorum,</strong></span> <span class='ocrx_word' id='word_1_198' title='bbox 1618 3571 1974 3640; x_wconf 89' lang='lat' dir='ltr'><strong>custodum</strong></span> <span class='ocrx_word' id='word_1_199' title='bbox 2040 3572 2229 3667; x_wconf 88' lang='lat' dir='ltr'><strong>fuga,</strong></span> <span class='ocrx_word' id='word_1_200' title='bbox 2289 3579 2488 3650; x_wconf 84' lang='lat' dir='ltr'><strong>mulae</strong></span> 
     </span>
     <span class='ocr_line' id='line_1_27' title="bbox 339 3683 2490 3780; baseline 0.002 -25"><span class='ocrx_word' id='word_1_201' title='bbox 339 3687 678 3780; x_wconf 61' lang='grc' dir='ltr'><strong>(Ἠερίη-65,</strong></span> <span class='ocrx_word' id='word_1_202' title='bbox 726 3683 1062 3776; x_wconf 80' lang='lat' dir='ltr'><strong>juncturae</strong></span> <span class='ocrx_word' id='word_1_203' title='bbox 1102 3685 1413 3769; x_wconf 83' lang='lat' dir='ltr'><strong>inversae,</strong></span> <span class='ocrx_word' id='word_1_204' title='bbox 1469 3683 1681 3752; x_wconf 90' lang='lat' dir='ltr'><strong>mulio</strong></span> <span class='ocrx_word' id='word_1_205' title='bbox 1720 3708 1842 3752; x_wconf 89' lang='lat' dir='ltr'><strong>nec</strong></span> <span class='ocrx_word' id='word_1_206' title='bbox 1892 3709 1961 3753; x_wconf 90' lang='lat' dir='ltr'><strong>se</strong></span> <span class='ocrx_word' id='word_1_207' title='bbox 1997 3709 2255 3780; x_wconf 78' lang='lat' dir='ltr'><strong>regenS.</strong></span> <span class='ocrx_word' id='word_1_208' title='bbox 2312 3692 2490 3759; x_wconf 90' lang='lat' dir='ltr'><strong>Huic</strong></span> 
     </span>
     <span class='ocr_line' id='line_1_28' title="bbox 342 3794 2488 3890; baseline 0.002 -25"><span class='ocrx_word' id='word_1_209' title='bbox 342 3799 442 3865; x_wconf 89' lang='lat' dir='ltr'><strong>rei</strong></span> <span class='ocrx_word' id='word_1_210' title='bbox 492 3819 766 3890; x_wconf 91' lang='lat' dir='ltr'><strong>prorsus</strong></span> <span class='ocrx_word' id='word_1_211' title='bbox 811 3820 985 3864; x_wconf 84' lang='lat' dir='ltr'><strong>nova</strong></span> <span class='ocrx_word' id='word_1_212' title='bbox 1035 3795 1104 3863; x_wconf 91' lang='lat' dir='ltr'><strong>in</strong></span> <span class='ocrx_word' id='word_1_213' title='bbox 1145 3796 1385 3864; x_wconf 88' lang='lat' dir='ltr'><strong>itinere</strong></span> <span class='ocrx_word' id='word_1_214' title='bbox 1418 3794 1639 3889; x_wconf 89' lang='lat' dir='ltr'><strong>culpa.</strong></span> <span class='ocrx_word' id='word_1_215' title='bbox 1683 3794 1977 3883; x_wconf 86' lang='lat' dir='ltr'><strong>Quando</strong></span> <span class='ocrx_word' id='word_1_216' title='bbox 2028 3811 2252 3864; x_wconf 86' lang='lat' dir='ltr'><strong>autem</strong></span> <span class='ocrx_word' id='word_1_217' title='bbox 2302 3797 2488 3870; x_wconf 88' lang='lat' dir='ltr'><strong>aliud</strong></span> 
     </span>
     <span class='ocr_line' id='line_1_29' title="bbox 259 3904 2529 3999; baseline 0 -24"><span class='ocrx_word' id='word_1_218' title='bbox 259 3979 266 3986; x_wconf 14' lang='grc' dir='ltr'><strong>λ</strong></span> <span class='ocrx_word' id='word_1_219' title='bbox 343 3904 506 3994; x_wconf 82' lang='lat' dir='ltr'><strong>fuit,</strong></span> <span class='ocrx_word' id='word_1_220' title='bbox 547 3905 624 3974; x_wconf 86' lang='lat' dir='ltr'><strong>fit</strong></span> <span class='ocrx_word' id='word_1_221' title='bbox 655 3904 998 3999; x_wconf 84' lang='lat' dir='ltr'><strong>paulisper</strong></span> <span class='ocrx_word' id='word_1_222' title='bbox 1042 3904 1365 3999; x_wconf 87' lang='lat' dir='ltr'><strong>patientia</strong></span> <span class='ocrx_word' id='word_1_223' title='bbox 1399 3930 1415 3972; x_wconf 74' lang='lat' dir='ltr'><em>z</em></span> <span class='ocrx_word' id='word_1_224' title='bbox 1452 3918 1674 3973; x_wconf 85' lang='lat' dir='ltr'><strong>totum</strong></span> <span class='ocrx_word' id='word_1_225' title='bbox 1711 3904 1888 3972; x_wconf 89' lang='lat' dir='ltr'><strong>istud</strong></span> <span class='ocrx_word' id='word_1_226' title='bbox 1926 3905 2237 3974; x_wconf 89' lang='lat' dir='ltr'><strong>emendat</strong></span> <span class='ocrx_word' id='word_1_227' title='bbox 2275 3933 2486 3982; x_wconf 88' lang='lat' dir='ltr'><strong>mora.</strong></span> <span class='ocrx_word' id='word_1_228' title='bbox 2523 3969 2529 3976; x_wconf 92' lang='lat'><em>.</em></span> 
     </span>
     <span class='ocr_line' id='line_1_30' title="bbox 345 4013 2492 4108; baseline 0.003 -22"><span class='ocrx_word' id='word_1_229' title='bbox 345 4021 439 4086; x_wconf 82' lang='lat' dir='ltr'><strong>At</strong></span> <span class='ocrx_word' id='word_1_230' title='bbox 471 4031 704 4088; x_wconf 85' lang='lat' dir='ltr'><strong>contra</strong></span> <span class='ocrx_word' id='word_1_231' title='bbox 734 4015 1074 4104; x_wconf 86' lang='lat' dir='ltr'><strong>Querolus</strong></span> <span class='ocrx_word' id='word_1_232' title='bbox 1101 4039 1369 4085; x_wconf 88' lang='lat' dir='ltr'><strong>causam</strong></span> <span class='ocrx_word' id='word_1_233' title='bbox 1399 4040 1480 4082; x_wconf 87' lang='lat' dir='ltr'><strong>ex</strong></span> <span class='ocrx_word' id='word_1_234' title='bbox 1509 4040 1705 4084; x_wconf 93' lang='lat' dir='ltr'><strong>causa</strong></span> <span class='ocrx_word' id='word_1_235' title='bbox 1735 4016 1972 4108; x_wconf 86' lang='lat' dir='ltr'><strong>quaerit</strong></span> <span class='ocrx_word' id='word_1_236' title='bbox 1996 4040 2012 4082; x_wconf 74' lang='grc' dir='ltr'><strong><em>ε</em></strong></span> <span class='ocrx_word' id='word_1_237' title='bbox 2040 4013 2223 4083; x_wconf 87' lang='lat' dir='ltr'><strong>aliud</strong></span> <span class='ocrx_word' id='word_1_238' title='bbox 2251 4043 2331 4086; x_wconf 87' lang='lat' dir='ltr'><strong>ex</strong></span> <span class='ocrx_word' id='word_1_239' title='bbox 2359 4021 2492 4092; x_wconf 92' lang='lat' dir='ltr'><strong>alio</strong></span> 
     </span>
     <span class='ocr_line' id='line_1_31' title="bbox 349 4123 2492 4221; baseline 0.004 -26"><span class='ocrx_word' id='word_1_240' title='bbox 349 4127 553 4221; x_wconf 89' lang='lat' dir='ltr'><strong>ligat:</strong></span> <span class='ocrx_word' id='word_1_241' title='bbox 595 4151 866 4194; x_wconf 83' lang='lat' dir='ltr'><strong>movere</strong></span> <span class='ocrx_word' id='word_1_242' title='bbox 904 4126 1143 4195; x_wconf 88' lang='lat' dir='ltr'><strong>inutile</strong></span> <span class='ocrx_word' id='word_1_243' title='bbox 1189 4140 1587 4218; x_wconf 86' lang='lat' dir='ltr'><strong>carpentum</strong></span> <span class='ocrx_word' id='word_1_244' title='bbox 1634 4150 1769 4193; x_wconf 91' lang='lat' dir='ltr'><strong>non</strong></span> <span class='ocrx_word' id='word_1_245' title='bbox 1808 4123 1951 4214; x_wconf 84' lang='lat' dir='ltr'><strong>vult</strong></span> <span class='ocrx_word' id='word_1_246' title='bbox 1983 4150 2199 4220; x_wconf 90' lang='lat' dir='ltr'><strong>neque</strong></span> <span class='ocrx_word' id='word_1_247' title='bbox 2246 4133 2492 4205; x_wconf 90' lang='lat' dir='ltr'><strong>animal</strong></span> 
     </span>
     <span class='ocr_line' id='line_1_32' title="bbox 349 4235 2501 4334; baseline 0.006 -28"><span class='ocrx_word' id='word_1_248' title='bbox 349 4236 575 4308; x_wconf 90' lang='lat' dir='ltr'><strong>debile</strong></span> <span class='ocrx_word' id='word_1_249' title='bbox 607 4264 622 4306; x_wconf 74' lang='grc' dir='ltr'>ε</span> <span class='ocrx_word' id='word_1_250' title='bbox 661 4238 1117 4330; x_wconf 84' lang='lat' dir='ltr'><strong>continuoque</strong></span> <span class='ocrx_word' id='word_1_251' title='bbox 1151 4236 1436 4324; x_wconf 85' lang='lat' dir='ltr'><strong>clamat,</strong></span> <span class='ocrx_word' id='word_1_252' title='bbox 1478 4261 1684 4328; x_wconf 86' lang='lat' dir='ltr'><strong>quare</strong></span> <span class='ocrx_word' id='word_1_253' title='bbox 1721 4235 1892 4304; x_wconf 85' lang='lat' dir='ltr'><strong>istud</strong></span> <span class='ocrx_word' id='word_1_254' title='bbox 1936 4262 2071 4305; x_wconf 89' lang='lat' dir='ltr'><strong>non</strong></span> <span class='ocrx_word' id='word_1_255' title='bbox 2118 4246 2501 4334; x_wconf 84' lang='lat' dir='ltr'><strong>suggessisti</strong></span> 
     </span>
    </p>
   </div>
  </div>
 </body>
</html>
