3067 5017
568 389 711 477 554
1316 390 1953 477 QUERoLus‚

565 518 731 585 istoc
767 513 1026 608 reperi?
1050 516 1087 581 J
1092 513 1285 581 uravi
1312 538 1507 605 saepe,
1532 512 1772 597 fateor,
1800 511 1985 605 quod
1999 536 2212 605 quum
2227 527 2436 581 staret
2463 513 2722 603 verbis,

567 650 707 694 non
748 637 952 693 staret
988 622 1140 693 fide.
1198 647 1337 693 ΕΑΒ
1378 647 1554 693 ΒΑΜ.
1591 623 1868 693 Urbane
1913 624 2130 718 igitur
2164 623 2474 717 pejerasti
2509 650 2528 693 :
2571 624 2722 693 fieri

566 736 696 805 hoc
730 734 920 804 solet.
974 735 1249 821 Quanto
1286 732 1593 821 mallem,
1638 749 1714 802 ut
1748 757 1968 802 sermo
2007 732 2370 817 laberetur,
2409 749 2478 803 et
2513 749 2727 803 staret

567 842 769 915 fides!
818 848 1042 931 Tune,
1090 842 1421 933 Querole,
1474 843 1696 911 verbis
1741 859 1808 913 te
1851 842 2237 913 absolutum
2280 868 2421 913 esse
2456 844 2730 913 credis?

564 956 831 1050 Pejerat
865 979 1067 1047 saepc,
1107 955 1222 1047 qui
1267 967 1462 1023 tacet.
1501 958 1797 1035 Tantum
1843 969 1940 1022 est
1979 956 2158 1022 enim
2197 970 2730 1044 tacereverum,

568 1080 898 1159 quantum
938 1079 1004 1133 et
1033 1062 1271 1133 falsum
1314 1063 1557 1133 dicere.
1593 1088 1808 1147 Quen.
1839 1065 2089 1133 Omnia
2122 1066 2334 1160 igitur
2371 1066 2728 1161 peregisti,
2773 1084 2788 1095 ‘

569 1190 788 1244 totum
826 1176 1194 1245 conmerui.
1241 1172 1432 1243 Vale.
1470 1198 1610 1243 Lan
1659 1198 1838 1245 ΕΔΜ.
1875 1178 2093 1244 Immo
2135 1173 2304 1242 nihil
2343 1191 2440 1243 est
2481 1192 2736 1264 actum,

572 1284 907 1377 Querole,
944 1286 1071 1355 nisi
1109 1300 1477 1379 sequantur
1512 1285 1656 1355 haec
1691 1284 1874 1355 duo:
1917 1288 2216 1380 primum
2253 1301 2487 1355 contra
2527 1288 2733 1356 meri-

574 1411 719 1465 tum
758 1411 949 1464 tuum
976 1397 1299 1465 miserum
1338 1410 1404 1463 te
1442 1421 1577 1465 non
1609 1422 1748 1465 esse
1779 1412 1856 1465 ut
1894 1396 2370 1491 comprobem:
2407 1398 2738 1487 secund0‚

575 1507 1086 1579 etiam-felicem
1138 1522 1275 1576 tete
1319 1532 1459 1577 esse
1499 1509 1642 1601 jam
1692 1533 1874 1577 nunc
1914 1508 2056 1601 ipse
2099 1506 2471 1602 intellegas
2519 1534 2736 1592 QUER.

574 1622 847 1712 Ergone
874 1634 1137 1713 egomet
1162 1644 1581 1705 aerumnosus
1613 1644 1751 1687 non
1786 1645 1960 1688 sum.
2005 1643 2147 1689 LAR
2179 1643 2354 1689 ΕΔΜ.
2386 1621 2471 1687 Et
2499 1618 2741 1705 fateor,

580 1729 697 1799 sed
730 1731 895 1799 vitio
916 1745 1057 1798 tuo.
1080 1733 1301 1824 Atque
1333 1745 1409 1797 ut
1450 1731 1516 1797 in
1549 1730 1866 1798 omnibus
1889 1730 2262 1809 revincere,
2291 1755 2552 1823 expone
2593 1730 2745 1798 hre-

582 1843 784 1926 viter,
830 1840 913 1909 de
955 1840 1201 1932 quibus
1254 1840 1556 1935 quereris
1602 1842 1907 1910 maxime.
1959 1864 2170 1922 Qmm.
2225 1839 2526 1908 Primum
2573 1839 2748 1927 tibi,

584 1954 935 2047 geniorum
986 1952 1271 2044 optime,
1323 1977 1702 2045 conqueror
1744 1953 1826 2020 de
1863 1952 2118 2020 amicis.
2165 1974 2306 2019 LAR
2356 1974 2531 2019 ῈΔΜ.
2579 1942 2746 2043 Spes

586 2064 764 2133 bona
796 2090 813 2131 ε
847 2063 1011 2156 quid
1050 2062 1133 2131 de
1171 2063 1458 2131 inimicis
1498 2064 1625 2131 iste
1664 2062 1910 2133 faciet?
1952 2066 2029 2131 In
2069 2088 2206 2157 quo
2248 2076 2474 2129 tamen
2511 2062 2748 2131 amici·

585 2172 831 2241 tiarum
874 2186 938 2241 te
976 2172 1137 2241 laesit
1176 2172 1394 2241 fides?
1430 2198 1644 2256 Quen.
1683 2176 1901 2245 Nemo
1941 2173 2108 2241 mihi
2145 2174 2360 2265 magis
2393 2168 2750 2257 molestuS,

590 2308 789 2377 quam
831 2282 1179 2351 familiaris
1222 2309 1237 2353 z
1274 2309 1497 2377 neque
1543 2284 1754 2377 magis
1804 2285 2218 2379 morigeruS,
2271 2308 2473 2377 quam
2515 2282 2753 2351 leviter

586 2393 919 2487 cognitus,
958 2419 1105 2464 mm
1160 2419 1336 2465 FAM.
1384 2395 1737 2483 Quidnam
1776 2396 1906 2465 hoc
1941 2397 2224 2481 mirum,
2265 2396 2320 2463 si
2362 2409 2428 2462 te
2469 2396 2588 2487 qui
2633 2416 2755 2461 no-

585 2506 723 2591 vit,
766 2503 1094 2599 despicit:
1135 2506 1251 2598 qui
1294 2530 1432 2573 non
1479 2507 1706 2592 novit,
1745 2505 2016 2601 diligit?
2053 2528 2267 2587 Qui-tn.
2304 2505 2590 2599 Agimus
2627 2502 2754 2571 tibi

586 2617 867 2711 gratiaS,
886 2619 1024 2715 ‘Lar
1048 2614 1433 2702 familiariS‚
1458 2630 1531 2683 tu
1561 2641 1683 2684 nos
1714 2642 1918 2685 ornas
1944 2617 2015 2684 in
2043 2614 2380 2684 omnibus.
2409 2629 2548 2683 ΜΒ
2575 2637 2754 2683 ΕΔΜ.

588 2730 735 2795 Jam
790 2724 1151 2821 intellego,
1204 2726 1367 2820 quid
1410 2751 1712 2819 querere.
1762 2730 1970 2797 Visne
2015 2726 2335 2795 brevibus
2381 2724 2755 2793 remedium

592 2838 753 2907 hinc
782 2837 925 2905 dari
956 2838 985 2906 Ρ
1033 2861 1247 2919 Quen.
1282 2834 1499 2907 Valde
1534 2837 1757 2930 cupi0.
1787 2862 1932 2923 μω
1962 2861 2137 2907 ΒΑΜ.
2174 2841 2256 2905 ln
2291 2836 2654 2904 amicitiam
2689 2849 2764 2909 et

590 2947 793 3017 fidem
834 2945 1111 3015 stultum
1156 2972 1242 3015 ne
1281 2948 1633 3039 receperis.
1677 2950 1850 3017 Nam
1896 2947 2331 3039 insipientum
2381 2960 2585 3039 atque
2635 2945 2758 3011 im·

590 3056 959 3149 proborum
978 3054 1239 3124 facilius
1260 3057 1633 3125 sustinetur
1652 3056 1882 3125 odium
1902 3082 2106 3151 quam
2130 3054 2516 3149 collegium.
2540 3078 2755 3138 QUI-211.

592 3165 779 3256 Quid
813 3166 867 3233 si
912 3166 1177 3260 sapiens
1217 3191 1357 3235 non
1396 3166 1564 3235 erit?
1595 3193 1738 3237 LAR
1764 3192 1943 3237 rm.
1978 3166 2234 3235 Stultos
2265 3167 2540 3262 ingenio
2577 3188 2756 3259 rege.

590 3302 801 3360 Quen.
823 3276 1235 3365 Quomodo?
1271 3302 1414 3349 ΕΑΒ
1448 3301 1620 3347 ΒΑΜ.
1651 3280 1776 3346 Vis
1806 3293 1870 3346 te
1898 3303 2037 3345 non
2075 3277 2298 3369 decipi
2321 3277 2585 3359 ?thn.
2617 3278 2760 3345 Cu·-

592 3389 727 3483 pio.
768 3410 909 3455 ΕΑΒ
936 3410 1109 3459 EAM.
1156 3387 1540 3459 Credideris
1571 3388 1858 3457 nemini:
1886 3389 1954 3457 in
1995 3402 2112 3455 tua
2151 3401 2249 3455 est
2281 3399 2648 3481 potestate,
2673 3409 2761 3453 ne

587 3498 964 3592 decipiaris.
1013 3501 1155 3567 Cur
1192 3522 1463 3567 accusas
1502 3498 1847 3592 perfidos?
1883 3498 2075 3567 Visn'
2117 3498 2239 3569 tibi
2275 3498 2601 3567 honorem
2641 3494 2760 3563 de-

596 3607 909 3691 ferr-Nou
924 3632 1027 3677 nn.
1062 3610 1376 3679 Maxime.
1398 3634 1541 3679 Lan
1572 3635 1746 3680 nu.
1781 3614 1972 3683 Inter
1991 3611 2272 3679 miseros
2291 3609 2520 3676 vivito.
2541 3628 2758 3690 QUER.

597 3724 820 3813 Prope
871 3744 1025 3787 vera
1088 3717 1613 3812 loqueri5.,1.an
1655 3746 1832 3791 EAM.
1897 3722 2108 3791 Visne
2159 3734 2236 3787 tc
2301 3742 2441 3787 non
2503 3717 2766 3811 decipi,

601 3832 889 3900 maxime
931 3855 971 3899 a
1009 3829 1195 3899 tuis?
1230 3854 1447 3913 Quen.
1478 3830 1782 3916 Vellem,
1823 3832 1876 3901 si
1923 3831 2071 3903 fieri
2118 3844 2362 3923 potest.-
2402 3853 2546 3899 Lan
2585 3852 2764 3897 EAM.
2851 3888 2858 3895 .

600 3941 839 4012 Dicam
877 3940 1060 4033 quod
1089 3940 1346 4010 dictum
1378 3957 1476 4010 est
1505 3938 1717 4036 pri-us.
1753 3943 2030 4011 Nemini
2071 3956 2135 4009 te
2155 3994 2174 4026 ,
2204 3937 2536 4027 Querole,
2563 3940 2768 4007 nimis

604 4049 898 4122 sodalem
939 4036 1209 4120 feceris.-
1244 4055 1377 4119 Res
1422 4053 1710 4122 nimium
1757 4052 2121 4148 singularis
2163 4068 2262 4121 est
2304 4050 2800 4136 homo,'ferre’

598 4190 737 4232 non
780 4162 1042 4256 patiens
1084 4186 1335 4255 parem.
1392 4165 1698 4233 Minores
1737 4163 2080 4258 despicitis
2104 4216 2126 4250 ,
2165 4162 2538 4255 majoribus
2577 4161 2757 4227 invi·
