3067 5017
870 443 1221 513 'ACTUS
1272 445 1390 528 11,

1444 445 1781 531 SCENs
1839 447 1944 514 11.·
2331 443 2473 540 467

325 571 431 636 An
484 589 568 636 eo
618 561 793 634 bella
838 590 941 652 eS‚
997 567 1152 659 quia
1210 565 1576 660 adcepisti?
1625 591 1702 637 ar
1759 593 1868 638 me
1915 568 2254 638 advenias.
2319 560 2472 640 ΛΒΤ.

619 678 682 747 N
689 700 821 744 unc
862 674 1103 772 places,

321 809 568 856 STRAT.
600 786 823 874 Quam
854 811 963 854 me
991 783 1089 853 illi
1115 783 1353 855 velim!
1389 810 1540 856 AsT.
1560 787 1908 857 Mentiris.
1927 813 2166 858 snm.
2201 785 2480 887 [Quid?]

519 944 527 950 -
622 895 787 964 dieis
824 896 1008 991 quod
1052 910 1119 964 te
1160 897 1371 992 rogo?

323 1005 772 1100 Mancupium
809 1032 926 1100 qui
904 1005 1291 1100 adcipiaS‚
1330 1022 1510 1101 gesta
1547 1023 1768 1076 tecum
1809 1033 2016 1102 penos
2049 1035 2330 1080 annuos.

326 1116 831 1211 STRATDignis·
844 1116 1028 1184 dant.
1054 1117 1346 1186 Laciniae
1360 1116 1511 1186 heic
1526 1132 1708 1204 sunt,
1729 1129 1894 1210 quas
1911 1117 2116 1186 habes
2127 1119 2436 1196 victorias
2458 1118 2487 1189 ἒ

325 1250 477 1298 ΔεΤ.
508 1212 613 1299 Ne
650 1227 911 1322 adtigas
942 1252 1066 1296 me.
1110 1251 1353 1298 STRAT.
1394 1229 1744 1322 Tangam?
1780 1229 1873 1298 ita
1907 1253 2014 1296 me
2055 1228 2309 1298 amabit
2339 1255 2476 1304 sar-

620 1337 852 1407 culum
875 1390 893 1424 ,

232 1510 245 1520 .
324 1452 422 1518 Ut
458 1473 581 1542 ego
625 1473 733 1516 me
772 1449 912 1516 ruri
950 1448 1294 1517 hamaxari
1330 1445 1640 1516 mavelim
1675 1447 1962 1541 patalem
2001 1447 2275 1535 bovem,

326 1561 638 1652 Cumque
666 1584 745 1626 eo
771 1558 863 1625 ita
895 1572 1162 1626 noctem
1190 1559 1259 1624 in
1285 1559 1666 1626 stramentis
1693 1573 2088 1651 pernoctare
2113 1576 2484 1654 perpetem,

326 1670 557 1757 Quam
598 1681 747 1735 tuas
778 1681 1054 1735 eentum
1081 1683 1375 1748 coenatas
1409 1666 1665 1736 noeteis
1705 1669 1874 1736 mihi
1915 1668 2096 1736 dono
2135 1669 2301 1739 dari.

327 1781 470 1847 Rus
500 1794 572 1847 tu
600 1779 767 1846 mihi
792 1779 1211 1872 obprobras?
1238 1793 1314 1846 ut
1348 1793 1594 1847 nancta
1621 1803 1690 1846 es
1729 1778 2074 1846 hominem
2089 1805 2338 1873 ‚quem
2369 1805 2485 1876 pu-

622 1890 775 1958 deat
818 1874 1093 1982 probri!

2433 1911 2482 1952 ns

256 2086 263 2104 Ι
330 1999 463 2069 Sed
498 1999 663 2093 quid
698 1999 878 2092 apud
917 2014 1177 2080 nostras
1208 2000 1465 2092 negoti,
1486 1995 1754 2087 mulier,
1781 2014 1879 2068 est
1911 1999 2105 2069 aedeis
2133 2001 2301 2071 tibi?

328 2109 519 2198 Quid
540 2124 611 2177 tu
628 2109 757 2176 hoe
778 2109 1141 2196 obclusas,
1153 2111 1221 2178 in
1238 2109 1475 2176 urbem
1501 2110 2032 2202 quotiescunque
2051 2111 2442 2183 advenimus
2461 2121 2492 2190 ’ξ’

330 2244 478 2288 As'r.
532 2217 853 2286 Mulieres
910 2219 1061 2288 volo
1120 2220 1481 2289 convenire
1523 2232 1803 2288 vostras.
1861 2245 2110 2290 STRA'r.
2169 2223 2357 2310 Quas
2411 2241 2483 2294 tu

623 2327 932 2397 mulieres

329 2523 507 2578 dum:
555 2542 724 2596 quum
771 2523 1140 2578 Glossarium:
1185 2525 1361 2576 Inma-

327 2625 452 2668 sum,
488 2597 619 2664 εἶδος
656 2600 1245 2674 δοκαριοκαμπνισμένων
1278 2605 1361 2656 in·

254 2734 261 2740 .
326 2695 653 2754 terpretetur
676 2703 691 2736 :
718 2683 831 2736 sive
849 2722 864 2749 ,
888 2697 949 2736 ut
977 2684 1162 2752 Scalig.
1190 2701 1365 2736 emen·

330 2763 453 2830 dat,
501 2759 629 2825 εἶδος
675 2760 907 2834 δοκαρίου
952 2766 1364 2834 κεκαπνισμένου.

330 2845 404 2897 Et
472 2863 595 2896 sane
653 2845 759 2896 hoc
816 2845 933 2897 vult
992 2845 1209 2910 Festus,
1253 2863 1364 2898 esse

328 2924 576 2977 colorem
624 2923 848 2977 similem
893 2922 1004 2988 illi,
1051 2923 1146 2995 qui
1185 2936 1266 2976 est
1305 2924 1364 2976 in

326 3003 439 3056 illis
471 3003 732 3070 trabibus,
762 3022 893 3074 quas
920 3002 1162 3056 diutinus
1180 3001 1365 3056 ‘fumus

328 3082 536 3136 infecit.
560 3083 742 3136 Gnur.

422 3181 511 3231 17.
528 3163 607 3215 Ar·
626 3164 662 3216 i.
691 3181 741 3233 q.
766 3160 852 3225 ad,
868 3173 1017 3214 vetus
1040 3175 1094 3216 et
1114 3162 1365 3216 rancidu-

326 3247 479 3306 lum3
508 3243 704 3295 rustice
730 3240 967 3314 quidem.

422 3321 841 3392 19.Mancupe‘um
869 3319 981 3395 qm‘,
1019 3335 1119 3377 etc.
1163 3323 1240 3376 Ut
1280 3342 1369 3376 me

332 3399 625 3472 mancupio
654 3403 881 3472 accipias
899 3442 914 3467 ‚
946 3401 991 3455 si
1020 3403 1121 3455 tibi
1152 3403 1368 3474 place0,

332 3482 416 3534 fer
450 3495 625 3534 tecum
670 3480 871 3535 cibaria
915 3501 1113 3540 annua,
1163 3481 1368 3536 nedum

332 3559 644 3614 mercedem
668 3581 697 3614 a
720 3581 808 3614 me
835 3581 1031 3638 speres.

423 3659 511 3693 πο.
550 3641 735 3710 Dtgm's
776 3643 915 3694 dant.
943 3640 1199 3694 Homines
1241 3640 1373 3698 dant

332 3719 441 3773 tale
462 3720 697 3789 pretium
718 3719 1231 3792 dignm—Lacinia
1253 3723 1371 3773 Me·

330 3818 396 3852 ra
426 3801 945 3870 conjectura.Vulgo
979 3803 1215 3866 Lavinia,
1242 3819 1373 3871 quas

335 3897 460 3950 quae
490 3879 622 3944 sint,
662 3898 827 3932 nemo
856 3880 1170 3934 hariolatur.
1213 3879 1260 3932 E
1298 3899 1375 3958 se-

335 3959 629 4030 quentibus
662 3986 685 4007 «
710 3979 780 4012 ne
807 3979 893 4018 me
936 3959 1175 4031 adtigas»
1210 3979 1375 4030 appa-

336 4050 423 4090 ret
442 4078 457 4102 ,
492 4055 615 4089 eum
658 4057 821 4090 manu
854 4040 1087 4112 aliquam
1116 4053 1336 4094 ornatus
1358 4079 1373 4104 ‚

340 4135 504 4187 quem
532 4117 623 4168 issa
657 4115 887 4170 habebat
906 4159 921 4184 ,
962 4133 1171 4191 partem
1201 4133 1377 4172 osten·

337 4197 469 4250 dere
497 4196 749 4249 voluisse.
783 4196 853 4249 N.

1532 2543 1562 2576 ο
1578 2543 1600 2576 1
1614 2561 1626 2577 .
1655 2525 1735 2578 Ita
1757 2544 1827 2576 me
1848 2525 2033 2577 amabit
2052 2527 2314 2582 sarculum.
2344 2532 2478 2589 Fur.

1447 2606 1596 2657 mula
1639 2603 1984 2676 jurisjurandi
2033 2606 2238 2673 rustico
2285 2628 2480 2666 conve-

1446 2685 1629 2748 nienS,
1683 2697 1743 2736 ut
1785 2684 2076 2754 parasitum
2123 2685 2306 2741 decuit
2350 2692 2474 2745 illa:

1452 2791 1475 2812 ι
1498 2766 1574 2817 ita
1597 2782 1682 2815 me
1705 2765 1904 2816 amabit
1933 2777 2112 2818 sancta
2135 2767 2392 2825 Saturitas
2415 2798 2438 2820 ι
2463 2813 2478 2838 ,

1451 2843 1670 2898 Cureul.
1695 2844 1798 2907 IV,
1829 2865 1856 2896 α
1876 2884 1891 2910 ,
1923 2863 2016 2913 97.
2047 2847 2116 2896 N.

1534 2944 1628 2979 22.
1689 2923 1996 2988 Hamaxan',
2051 2937 2127 2977 est
2181 2927 2479 2996 plaustrum

1449 3004 1657 3059 trahere
1670 3041 1685 3067 ,
1715 3016 1934 3058 auctore
1974 3005 2250 3060 TurnebO.
2270 3007 2483 3066 Malim

1449 3082 1650 3154 exponi
1691 3083 1928 3156 plaustro
1965 3085 2211 3156 jungere.
2262 3087 2333 3140 Et
2377 3087 2482 3144 hoe

1450 3181 1631 3215 sensus
1657 3163 1902 3234 requirit.
1936 3163 2074 3216 Nam
2110 3165 2204 3235 qui
2242 3166 2484 3238 plaustro

1450 3243 1682 3294 trahitur
1714 3263 1742 3294 a
1771 3243 1942 3295 bobus
1959 3281 1974 3306 ,
1998 3254 2202 3296 tantum
2227 3249 2483 3312 molestiae

1451 3341 1562 3375 non
1582 3319 1816 3393 percipit
1839 3361 1853 3388 ‚
1877 3333 2138 3392 quantum
2165 3324 2210 3375 is
2227 3327 2365 3400 ‚qui
2386 3333 2486 3386 ho-

1453 3420 1543 3454 ves
1573 3402 1853 3472 plaustro
1828 3421 2054 3475 jungere
2081 3403 2308 3474 cogitur.
2326 3408 2487 3464 Unde

1455 3493 1509 3534 et
1569 3485 1950 3552 pernoctationis
1999 3483 2274 3549 meminit,
2335 3490 2488 3564 quod

1452 3561 1740 3632 proprium
1761 3579 1948 3614 eorum
1975 3560 2073 3632 qui
2099 3565 2212 3615 ruri
2239 3564 2368 3624 huic
2393 3571 2489 3624 mi-

1454 3641 1676 3694 nisterio
1723 3641 2112 3710 praeficiuntur.
2145 3644 2366 3703 sz'roa
2406 3681 2489 3692 ...-

1455 3720 1684 3772 Patalem
1721 3720 1902 3774 bovem.
1938 3721 2160 3773 Festus:
2211 3726 2484 3782 «Fatalem

1456 3801 1653 3854 bovem
1677 3799 1898 3853 Plautus
1919 3801 2182 3870 appellat,
2203 3807 2356 3876 cujus
2375 3826 2490 3862 eor.

1456 3899 1565 3932 nua
1587 3879 1794 3933 diversa
1823 3891 1976 3945 sunt,
2004 3897 2063 3931 ac
2095 3882 2200 3938 late
2227 3898 2414 3954 patent
2440 3915 2489 3944 ι,

1461 3959 1638 4014 Graeci
1689 3978 1907 4030 quoque
1957 3957 2024 4010 ab
2075 3961 2260 4017 eadem
2311 3985 2494 4029 mente

1463 4037 1725 4109 ejusmodi
1747 4039 1912 4090 boves
1939 4056 2198 4095 vocarunt
2226 4051 2459 4111 πεταλεῖς
2477 4085 2495 4112 ,

1466 4119 1575 4170 sive
1604 4119 1861 4179 πετήλους.
1886 4117 2042 4171 Tales
2053 4133 2236 4189 nutem
2263 4126 2426 4185 boves
2443 4143 2498 4184 et

1464 4198 1720 4268 plaustris
1747 4211 1802 4250 et
1831 4198 2017 4252 aratris
2044 4202 2172 4273 apti.
2195 4203 2348 4260 Scan..

2148 4300 2261 4371 30.
