<?xml version="1.0" encoding="UTF-8"?>
<!DOCTYPE html PUBLIC "-//W3C//DTD XHTML 1.0 Transitional//EN"
    "http://www.w3.org/TR/xhtml1/DTD/xhtml1-transitional.dtd">
<html xmlns="http://www.w3.org/1999/xhtml" xml:lang="en" lang="en">
 <head>
  <title>
</title>
<meta http-equiv="Content-Type" content="text/html;charset=utf-8" />
  <meta name='ocr-system' content='tesseract 3.04.00' />
  <meta name='ocr-capabilities' content='ocr_page ocr_carea ocr_par ocr_line ocrx_word'/>
</head>
<body>
  <div class='ocr_page' id='page_1' title='image "./macciiplauticom00naudgoog_0049.png"; bbox 0 0 3067 5017; ppageno 0'>
   <div class='ocr_carea' id='block_1_1' title="bbox 910 432 2487 532">
    <p class='ocr_par' dir='ltr' id='par_1_1' title="bbox 910 432 2487 532">
     <span class='ocr_line' id='line_1_1' title="bbox 910 432 2487 532; baseline 0.008 -27"><span class='ocrx_word' id='word_1_1' title='bbox 910 435 1266 506; x_wconf 83' lang='lat' dir='ltr'>ACTUS</span> <span class='ocrx_word' id='word_1_2' title='bbox 1313 438 1433 520; x_wconf 90' lang='lat'><strong>11,</strong></span> <span class='ocrx_word' id='word_1_3' title='bbox 1475 436 1806 507; x_wconf 73' lang='lat' dir='ltr'><strong>SGENA</strong></span> <span class='ocrx_word' id='word_1_4' title='bbox 1866 438 1917 505; x_wconf 91' lang='lat'><strong>1.</strong></span> <span class='ocrx_word' id='word_1_5' title='bbox 2164 524 2167 527; x_wconf 10' lang='lat'><strong>⁴</strong></span> <span class='ocrx_word' id='word_1_6' title='bbox 2390 432 2487 532; x_wconf 72' lang='lat'><strong>39</strong></span> 
     </span>
    </p>
   </div>
   <div class='ocr_carea' id='block_1_2' title="bbox 345 556 2487 1197">
    <p class='ocr_par' dir='ltr' id='par_1_2' title="bbox 347 556 2487 740">
     <span class='ocr_line' id='line_1_2' title="bbox 347 556 2487 631; baseline -0.005 -1"><span class='ocrx_word' id='word_1_7' title='bbox 347 556 600 631; x_wconf 85' lang='lat' dir='ltr'><strong>Addice</strong></span> <span class='ocrx_word' id='word_1_8' title='bbox 641 571 828 626; x_wconf 86' lang='lat' dir='ltr'><strong>tuam</strong></span> <span class='ocrx_word' id='word_1_9' title='bbox 863 557 1029 626; x_wconf 88' lang='lat' dir='ltr'><strong>mihi</strong></span> <span class='ocrx_word' id='word_1_10' title='bbox 1065 556 1482 627; x_wconf 82' lang='lat' dir='ltr'><strong>meretricem</strong></span> <span class='ocrx_word' id='word_1_11' title='bbox 1519 556 1987 628; x_wconf 83' lang='lat' dir='ltr'><strong>minusculam.</strong></span> <span class='ocrx_word' id='word_1_12' title='bbox 2434 578 2487 619; x_wconf 71' lang='grc' dir='ltr'><strong>ε.</strong></span> 
     </span>
     <span class='ocr_line' id='line_1_3' title="bbox 347 667 1872 740; baseline -0.002 0"><span class='ocrx_word' id='word_1_13' title='bbox 347 692 505 740; x_wconf 71' lang='lat' dir='ltr'><strong>mc.</strong></span> <span class='ocrx_word' id='word_1_14' title='bbox 551 671 656 737; x_wconf 83' lang='lat' dir='ltr'><strong>Ita</strong></span> <span class='ocrx_word' id='word_1_15' title='bbox 693 692 796 737; x_wconf 90' lang='lat' dir='ltr'><strong>res</strong></span> <span class='ocrx_word' id='word_1_16' title='bbox 832 667 1056 736; x_wconf 83' lang='lat' dir='ltr'><strong>divina</strong></span> <span class='ocrx_word' id='word_1_17' title='bbox 1099 667 1266 736; x_wconf 86' lang='lat' dir='ltr'><strong>mihi</strong></span> <span class='ocrx_word' id='word_1_18' title='bbox 1309 667 1439 736; x_wconf 83' lang='lat' dir='ltr'><strong>fuit</strong></span> <span class='ocrx_word' id='word_1_19' title='bbox 1472 694 1488 736; x_wconf 75' lang='grc' dir='ltr'><strong><em>ε</em></strong></span> <span class='ocrx_word' id='word_1_20' title='bbox 1533 692 1635 737; x_wconf 86' lang='lat' dir='ltr'><strong>res</strong></span> <span class='ocrx_word' id='word_1_21' title='bbox 1670 669 1872 737; x_wconf 85' lang='lat' dir='ltr'><strong>serias</strong></span> 
     </span>
    </p>

    <p class='ocr_par' dir='ltr' id='par_1_3' title="bbox 347 775 1928 849">
     <span class='ocr_line' id='line_1_4' title="bbox 347 775 1928 849; baseline -0.001 0"><span class='ocrx_word' id='word_1_22' title='bbox 347 780 626 849; x_wconf 89' lang='lat' dir='ltr'><strong>Omneis</strong></span> <span class='ocrx_word' id='word_1_23' title='bbox 661 776 910 847; x_wconf 86' lang='lat' dir='ltr'><strong>extollo</strong></span> <span class='ocrx_word' id='word_1_24' title='bbox 945 803 1027 846; x_wconf 82' lang='lat' dir='ltr'><strong>ex</strong></span> <span class='ocrx_word' id='word_1_25' title='bbox 1069 777 1199 848; x_wconf 90' lang='lat' dir='ltr'><strong>hoc</strong></span> <span class='ocrx_word' id='word_1_26' title='bbox 1236 777 1346 846; x_wconf 85' lang='lat' dir='ltr'><strong>die</strong></span> <span class='ocrx_word' id='word_1_27' title='bbox 1378 779 1450 845; x_wconf 89' lang='lat' dir='ltr'><strong>in</strong></span> <span class='ocrx_word' id='word_1_28' title='bbox 1485 775 1693 846; x_wconf 87' lang='lat' dir='ltr'><strong>alium</strong></span> <span class='ocrx_word' id='word_1_29' title='bbox 1730 778 1928 847; x_wconf 89' lang='lat' dir='ltr'><strong>diem.</strong></span> 
     </span>
    </p>

    <p class='ocr_par' dir='ltr' id='par_1_4' title="bbox 347 885 2156 959">
     <span class='ocr_line' id='line_1_5' title="bbox 347 885 2156 959; baseline -0.002 0"><span class='ocrx_word' id='word_1_30' title='bbox 347 912 516 959; x_wconf 56' lang='lat' dir='ltr'><strong>sur-r·</strong></span> <span class='ocrx_word' id='word_1_31' title='bbox 556 888 888 958; x_wconf 87' lang='lat' dir='ltr'><strong>Profestos</strong></span> <span class='ocrx_word' id='word_1_32' title='bbox 927 887 1124 957; x_wconf 87' lang='lat' dir='ltr'><strong>festos</strong></span> <span class='ocrx_word' id='word_1_33' title='bbox 1167 887 1448 957; x_wconf 82' lang='lat' dir='ltr'><strong>habeam</strong></span> <span class='ocrx_word' id='word_1_34' title='bbox 1486 887 1830 957; x_wconf 85' lang='lat' dir='ltr'><strong>decretum</strong></span> <span class='ocrx_word' id='word_1_35' title='bbox 1844 886 1927 957; x_wconf 84' lang='lat' dir='ltr'><strong>&#39;st</strong></span> <span class='ocrx_word' id='word_1_36' title='bbox 1966 885 2156 957; x_wconf 86' lang='lat' dir='ltr'><strong>mihi.</strong></span> 
     </span>
    </p>

    <p class='ocr_par' dir='ltr' id='par_1_5' title="bbox 345 996 2487 1197">
     <span class='ocr_line' id='line_1_6' title="bbox 345 996 2403 1096; baseline -0.002 -28"><span class='ocrx_word' id='word_1_37' title='bbox 345 1020 504 1068; x_wconf 72' lang='lat' dir='ltr'><strong>uc·</strong></span> <span class='ocrx_word' id='word_1_38' title='bbox 535 1000 738 1068; x_wconf 87' lang='lat' dir='ltr'><strong>Nunc</strong></span> <span class='ocrx_word' id='word_1_39' title='bbox 771 997 933 1066; x_wconf 88' lang='lat' dir='ltr'><strong>hinc</strong></span> <span class='ocrx_word' id='word_1_40' title='bbox 965 1021 1195 1065; x_wconf 82' lang='lat' dir='ltr'><strong>eamus</strong></span> <span class='ocrx_word' id='word_1_41' title='bbox 1223 1022 1239 1065; x_wconf 75' lang='grc' dir='ltr'><strong><em>ε</em></strong></span> <span class='ocrx_word' id='word_1_42' title='bbox 1273 1021 1549 1091; x_wconf 84' lang='lat' dir='ltr'><strong>sequere</strong></span> <span class='ocrx_word' id='word_1_43' title='bbox 1578 996 1707 1066; x_wconf 84' lang='lat' dir='ltr'><strong>hac</strong></span> <span class='ocrx_word' id='word_1_44' title='bbox 1742 1021 1872 1064; x_wconf 86' lang='lat' dir='ltr'><strong>me.</strong></span> <span class='ocrx_word' id='word_1_45' title='bbox 1915 1020 2080 1068; x_wconf 71' lang='grc' dir='ltr'><strong>ΑΜ.</strong></span> <span class='ocrx_word' id='word_1_46' title='bbox 2124 998 2403 1096; x_wconf 84' lang='lat' dir='ltr'><strong>Sequor.</strong></span> 
     </span>
     <span class='ocr_line' id='line_1_7' title="bbox 346 1103 2487 1197; baseline 0 -24"><span class='ocrx_word' id='word_1_47' title='bbox 346 1104 430 1173; x_wconf 92' lang='lat' dir='ltr'><strong>In</strong></span> <span class='ocrx_word' id='word_1_48' title='bbox 467 1103 650 1173; x_wconf 86' lang='lat' dir='ltr'><strong>hune</strong></span> <span class='ocrx_word' id='word_1_49' title='bbox 689 1104 865 1173; x_wconf 85' lang='lat' dir='ltr'><strong>diem</strong></span> <span class='ocrx_word' id='word_1_50' title='bbox 896 1105 1038 1197; x_wconf 86' lang='lat' dir='ltr'><strong>jam</strong></span> <span class='ocrx_word' id='word_1_51' title='bbox 1075 1120 1228 1175; x_wconf 87' lang='lat' dir='ltr'><strong>tuos</strong></span> <span class='ocrx_word' id='word_1_52' title='bbox 1272 1130 1419 1175; x_wconf 89' lang='lat' dir='ltr'><strong>sum</strong></span> <span class='ocrx_word' id='word_1_53' title='bbox 1455 1107 1928 1175; x_wconf 85' lang='lat' dir='ltr'><strong>mercenarius.</strong></span> <span class='ocrx_word' id='word_1_54' title='bbox 2316 1154 2320 1157; x_wconf 91' lang='lat'>-</span> <span class='ocrx_word' id='word_1_55' title='bbox 2437 1125 2487 1165; x_wconf 67' lang='grc' dir='ltr'><strong>σε</strong></span> 
     </span>
    </p>
   </div>
   <div class='ocr_carea' id='block_1_3' title="bbox 332 1300 2493 2092">
    <p class='ocr_par' dir='ltr' id='par_1_6' title="bbox 343 1300 2487 1377">
     <span class='ocr_line' id='line_1_8' title="bbox 343 1300 2487 1377; baseline 0.001 -22"><span class='ocrx_word' id='word_1_56' title='bbox 343 1302 402 1355; x_wconf 87' lang='lat' dir='ltr'><strong>in</strong></span> <span class='ocrx_word' id='word_1_57' title='bbox 423 1300 734 1375; x_wconf 67' lang='lat' dir='ltr'><strong>hujusmodi</strong></span> <span class='ocrx_word' id='word_1_58' title='bbox 759 1304 921 1357; x_wconf 73' lang='lat' dir='ltr'><strong>rebus</strong></span> <span class='ocrx_word' id='word_1_59' title='bbox 943 1302 1338 1359; x_wconf 63' lang='lat' dir='ltr'><strong>contrahendis.</strong></span> <span class='ocrx_word' id='word_1_60' title='bbox 1456 1302 1699 1359; x_wconf 77' lang='lat' dir='ltr'><strong>dendum</strong></span> <span class='ocrx_word' id='word_1_61' title='bbox 1742 1317 1820 1372; x_wconf 63' lang='lat' dir='ltr'><strong>est</strong></span> <span class='ocrx_word' id='word_1_62' title='bbox 1856 1304 2015 1358; x_wconf 70' lang='lat' dir='ltr'><strong>militi</strong></span> <span class='ocrx_word' id='word_1_63' title='bbox 2036 1341 2052 1368; x_wconf 89' lang='lat'>,</span> <span class='ocrx_word' id='word_1_64' title='bbox 2094 1317 2148 1359; x_wconf 84' lang='lat' dir='ltr'><strong>et</strong></span> <span class='ocrx_word' id='word_1_65' title='bbox 2195 1302 2487 1377; x_wconf 75' lang='lat' dir='ltr'><strong>legendum</strong></span> 
     </span>
    </p>

    <p class='ocr_par' dir='ltr' id='par_1_7' title="bbox 343 1382 2485 1615">
     <span class='ocr_line' id='line_1_9' title="bbox 430 1382 2484 1456; baseline 0 -20"><span class='ocrx_word' id='word_1_66' title='bbox 430 1382 519 1437; x_wconf 76' lang='lat'><strong>50.</strong></span> <span class='ocrx_word' id='word_1_67' title='bbox 571 1383 798 1447; x_wconf 78' lang='lat' dir='ltr'><strong>Addice,</strong></span> <span class='ocrx_word' id='word_1_68' title='bbox 854 1382 1060 1449; x_wconf 84' lang='lat' dir='ltr'><strong>vende,</strong></span> <span class='ocrx_word' id='word_1_69' title='bbox 1114 1396 1169 1437; x_wconf 90' lang='lat' dir='ltr'><strong>et</strong></span> <span class='ocrx_word' id='word_1_70' title='bbox 1217 1382 1372 1437; x_wconf 74' lang='lat' dir='ltr'><strong>trade</strong></span> <span class='ocrx_word' id='word_1_71' title='bbox 1457 1385 1744 1452; x_wconf 77' lang='lat' dir='ltr'><strong>Profestos,</strong></span> <span class='ocrx_word' id='word_1_72' title='bbox 1781 1383 1997 1456; x_wconf 84' lang='lat' dir='ltr'><strong>quando</strong></span> <span class='ocrx_word' id='word_1_73' title='bbox 2025 1384 2161 1437; x_wconf 83' lang='lat' dir='ltr'><strong>MSS</strong></span> <span class='ocrx_word' id='word_1_74' title='bbox 2194 1384 2484 1451; x_wconf 74' lang='lat' dir='ltr'><strong>Profectus:</strong></span> 
     </span>
     <span class='ocr_line' id='line_1_10' title="bbox 343 1460 2485 1537; baseline 0 -22"><span class='ocrx_word' id='word_1_75' title='bbox 343 1460 898 1516; x_wconf 74' lang='lat' dir='ltr'><strong>venditam.Addice›-e</strong></span> <span class='ocrx_word' id='word_1_76' title='bbox 915 1464 1006 1516; x_wconf 86' lang='lat' dir='ltr'><strong>hic</strong></span> <span class='ocrx_word' id='word_1_77' title='bbox 1023 1476 1103 1516; x_wconf 79' lang='lat' dir='ltr'><strong>est</strong></span> <span class='ocrx_word' id='word_1_78' title='bbox 1124 1461 1372 1517; x_wconf 77' lang='lat' dir='ltr'><strong>vendito·</strong></span> <span class='ocrx_word' id='word_1_79' title='bbox 1457 1462 1607 1537; x_wconf 81' lang='lat' dir='ltr'><strong>quod</strong></span> <span class='ocrx_word' id='word_1_80' title='bbox 1636 1477 1688 1517; x_wconf 89' lang='lat' dir='ltr'><strong>et</strong></span> <span class='ocrx_word' id='word_1_81' title='bbox 1715 1464 1844 1516; x_wconf 82' lang='lat' dir='ltr'><strong>alibi</strong></span> <span class='ocrx_word' id='word_1_82' title='bbox 1872 1464 2063 1517; x_wconf 81' lang='lat' dir='ltr'><strong>Plauto</strong></span> <span class='ocrx_word' id='word_1_83' title='bbox 2099 1482 2201 1534; x_wconf 87' lang='lat' dir='ltr'><strong>pro</strong></span> <span class='ocrx_word' id='word_1_84' title='bbox 2227 1464 2323 1517; x_wconf 85' lang='lat' dir='ltr'><strong>ino</strong></span> <span class='ocrx_word' id='word_1_85' title='bbox 2356 1463 2485 1517; x_wconf 74' lang='lat' dir='ltr'><strong>sub-</strong></span> 
     </span>
     <span class='ocr_line' id='line_1_11' title="bbox 344 1530 2483 1615; baseline 0 -20"><span class='ocrx_word' id='word_1_86' title='bbox 344 1541 446 1606; x_wconf 76' lang='lat' dir='ltr'><strong>tis,</strong></span> <span class='ocrx_word' id='word_1_87' title='bbox 467 1540 741 1595; x_wconf 84' lang='lat' dir='ltr'><strong>interdum</strong></span> <span class='ocrx_word' id='word_1_88' title='bbox 763 1554 842 1595; x_wconf 83' lang='lat' dir='ltr'><strong>est</strong></span> <span class='ocrx_word' id='word_1_89' title='bbox 862 1542 1122 1613; x_wconf 71' lang='lat' dir='ltr'><strong>praetoriS.</strong></span> <span class='ocrx_word' id='word_1_90' title='bbox 1145 1542 1326 1596; x_wconf 74' lang='lat' dir='ltr'><strong>an.</strong></span> <span class='ocrx_word' id='word_1_91' title='bbox 1455 1542 1657 1615; x_wconf 69' lang='lat' dir='ltr'><strong>fectum</strong></span> <span class='ocrx_word' id='word_1_92' title='bbox 1680 1542 1735 1595; x_wconf 85' lang='lat' dir='ltr'><strong>in</strong></span> <span class='ocrx_word' id='word_1_93' title='bbox 1762 1530 1964 1613; x_wconf 73' lang='lat' dir='ltr'><strong>scripto</strong></span> <span class='ocrx_word' id='word_1_94' title='bbox 1986 1542 2483 1596; x_wconf 73' lang='lat' dir='ltr'><strong>animadvertimus.</strong></span> 
     </span>
    </p>

    <p class='ocr_par' dir='ltr' id='par_1_8' title="bbox 343 1620 2493 1934">
     <span class='ocr_line' id='line_1_12' title="bbox 430 1620 2489 1695; baseline 0 -20"><span class='ocrx_word' id='word_1_95' title='bbox 430 1620 461 1675; x_wconf 82' lang='grc'><strong><em>5</em></strong></span> <span class='ocrx_word' id='word_1_96' title='bbox 475 1640 525 1675; x_wconf 90' lang='lat'><strong>1.</strong></span> <span class='ocrx_word' id='word_1_97' title='bbox 547 1622 629 1673; x_wconf 78' lang='lat' dir='ltr'><strong>Ita</strong></span> <span class='ocrx_word' id='word_1_98' title='bbox 650 1642 723 1673; x_wconf 79' lang='lat' dir='ltr'><strong>res</strong></span> <span class='ocrx_word' id='word_1_99' title='bbox 744 1622 842 1675; x_wconf 74' lang='lat' dir='ltr'><strong>dio.</strong></span> <span class='ocrx_word' id='word_1_100' title='bbox 861 1622 1005 1686; x_wconf 83' lang='lat' dir='ltr'><strong>Quia</strong></span> <span class='ocrx_word' id='word_1_101' title='bbox 1017 1621 1181 1675; x_wconf 87' lang='lat' dir='ltr'><strong>hodie</strong></span> <span class='ocrx_word' id='word_1_102' title='bbox 1199 1641 1374 1676; x_wconf 87' lang='lat' dir='ltr'><strong>sacru·</strong></span> <span class='ocrx_word' id='word_1_103' title='bbox 1460 1623 1634 1689; x_wconf 82' lang='lat' dir='ltr'><strong>Mihi,</strong></span> <span class='ocrx_word' id='word_1_104' title='bbox 1686 1623 1865 1695; x_wconf 86' lang='lat' dir='ltr'><strong>inquit</strong></span> <span class='ocrx_word' id='word_1_105' title='bbox 1894 1620 2343 1686; x_wconf 70' lang='lat' dir='ltr'><strong>Anthemonide8‚</strong></span> <span class='ocrx_word' id='word_1_106' title='bbox 2374 1641 2489 1675; x_wconf 82' lang='lat' dir='ltr'><strong>non</strong></span> 
     </span>
     <span class='ocr_line' id='line_1_13' title="bbox 343 1698 2488 1773; baseline 0 -21"><span class='ocrx_word' id='word_1_107' title='bbox 343 1698 501 1754; x_wconf 72' lang='lat' dir='ltr'><strong>ficavi</strong></span> <span class='ocrx_word' id='word_1_108' title='bbox 516 1738 533 1766; x_wconf 85' lang='lat'><strong>,</strong></span> <span class='ocrx_word' id='word_1_109' title='bbox 554 1702 684 1753; x_wconf 86' lang='lat' dir='ltr'><strong>nolo</strong></span> <span class='ocrx_word' id='word_1_110' title='bbox 703 1702 862 1754; x_wconf 73' lang='lat' dir='ltr'><strong>serias</strong></span> <span class='ocrx_word' id='word_1_111' title='bbox 880 1720 964 1754; x_wconf 79' lang='lat' dir='ltr'><strong>res</strong></span> <span class='ocrx_word' id='word_1_112' title='bbox 985 1719 1159 1772; x_wconf 77' lang='lat' dir='ltr'><strong>agere,</strong></span> <span class='ocrx_word' id='word_1_113' title='bbox 1175 1721 1374 1773; x_wconf 85' lang='lat' dir='ltr'><strong>nempe</strong></span> <span class='ocrx_word' id='word_1_114' title='bbox 1460 1715 1539 1755; x_wconf 78' lang='lat' dir='ltr'><strong>est</strong></span> <span class='ocrx_word' id='word_1_115' title='bbox 1575 1702 1667 1755; x_wconf 86' lang='lat' dir='ltr'><strong>illa</strong></span> <span class='ocrx_word' id='word_1_116' title='bbox 1693 1702 1884 1773; x_wconf 78' lang='lat' dir='ltr'><strong>religio</strong></span> <span class='ocrx_word' id='word_1_117' title='bbox 1898 1740 1915 1768; x_wconf 85' lang='lat'>‚</span> <span class='ocrx_word' id='word_1_118' title='bbox 1952 1700 2044 1755; x_wconf 81' lang='lat' dir='ltr'><strong>sed</strong></span> <span class='ocrx_word' id='word_1_119' title='bbox 2072 1700 2347 1755; x_wconf 79' lang='lat' dir='ltr'><strong>decretum</strong></span> <span class='ocrx_word' id='word_1_120' title='bbox 2365 1740 2382 1769; x_wconf 84' lang='lat'><strong>,</strong></span> <span class='ocrx_word' id='word_1_121' title='bbox 2424 1712 2488 1754; x_wconf 85' lang='lat' dir='ltr'><strong>ut</strong></span> 
     </span>
     <span class='ocr_line' id='line_1_14' title="bbox 345 1778 2490 1853; baseline -0 -19"><span class='ocrx_word' id='word_1_122' title='bbox 345 1778 730 1834; x_wconf 77' lang='lat' dir='ltr'><strong>venditionem.</strong></span> <span class='ocrx_word' id='word_1_123' title='bbox 782 1782 866 1833; x_wconf 74' lang='lat' dir='ltr'><strong>Ita</strong></span> <span class='ocrx_word' id='word_1_124' title='bbox 931 1781 1174 1835; x_wconf 72' lang='lat' dir='ltr'><strong>causalis.</strong></span> <span class='ocrx_word' id='word_1_125' title='bbox 1229 1780 1374 1835; x_wconf 85' lang='lat' dir='ltr'><strong>Vide</strong></span> <span class='ocrx_word' id='word_1_126' title='bbox 1458 1782 1623 1835; x_wconf 75' lang='lat' dir='ltr'><strong>festos</strong></span> <span class='ocrx_word' id='word_1_127' title='bbox 1666 1780 1895 1835; x_wconf 75' lang='lat' dir='ltr'><strong>habeam</strong></span> <span class='ocrx_word' id='word_1_128' title='bbox 1938 1782 2203 1853; x_wconf 73' lang='lat' dir='ltr'><strong>profestos</strong></span> <span class='ocrx_word' id='word_1_129' title='bbox 2216 1820 2234 1849; x_wconf 88' lang='lat'><strong>,</strong></span> <span class='ocrx_word' id='word_1_130' title='bbox 2270 1780 2331 1834; x_wconf 81' lang='lat' dir='ltr'><strong>id</strong></span> <span class='ocrx_word' id='word_1_131' title='bbox 2377 1792 2459 1834; x_wconf 71' lang='lat' dir='ltr'><strong>est</strong></span> <span class='ocrx_word' id='word_1_132' title='bbox 2472 1818 2490 1847; x_wconf 87' lang='lat'><strong>,</strong></span> 
     </span>
     <span class='ocr_line' id='line_1_15' title="bbox 344 1858 2493 1934; baseline 0 -22"><span class='ocrx_word' id='word_1_133' title='bbox 344 1858 559 1932; x_wconf 73' lang='lat' dir='ltr'><strong>Captiv.</strong></span> <span class='ocrx_word' id='word_1_134' title='bbox 583 1861 698 1929; x_wconf 79' lang='lat'>111,</span> <span class='ocrx_word' id='word_1_135' title='bbox 733 1860 786 1926; x_wconf 84' lang='lat'><strong>5,</strong></span> <span class='ocrx_word' id='word_1_136' title='bbox 816 1864 908 1916; x_wconf 79' lang='grc' dir='ltr'><strong>ιδ.</strong></span> <span class='ocrx_word' id='word_1_137' title='bbox 939 1860 1011 1914; x_wconf 90' lang='lat' dir='ltr'><strong>N.</strong></span> <span class='ocrx_word' id='word_1_138' title='bbox 1459 1880 1563 1932; x_wconf 84' lang='lat' dir='ltr'><strong>pro</strong></span> <span class='ocrx_word' id='word_1_139' title='bbox 1602 1862 1872 1934; x_wconf 74' lang='lat' dir='ltr'><strong>profestis.</strong></span> <span class='ocrx_word' id='word_1_140' title='bbox 1913 1859 2049 1915; x_wconf 88' lang='lat' dir='ltr'><strong>Inde</strong></span> <span class='ocrx_word' id='word_1_141' title='bbox 2084 1861 2208 1915; x_wconf 88' lang='lat' dir='ltr'><strong>leno</strong></span> <span class='ocrx_word' id='word_1_142' title='bbox 2235 1879 2249 1914; x_wconf 89' lang='lat'><strong>:</strong></span> <span class='ocrx_word' id='word_1_143' title='bbox 2290 1886 2313 1908; x_wconf 76' lang='grc' dir='ltr'><strong>α</strong></span> <span class='ocrx_word' id='word_1_144' title='bbox 2332 1860 2493 1913; x_wconf 86' lang='lat' dir='ltr'><strong>Nunc</strong></span> 
     </span>
    </p>

    <p class='ocr_par' dir='ltr' id='par_1_9' title="bbox 332 1938 2489 2092">
     <span class='ocr_line' id='line_1_16' title="bbox 428 1938 2489 2014; baseline -0.001 -21"><span class='ocrx_word' id='word_1_145' title='bbox 428 1938 523 1993; x_wconf 76' lang='lat'><strong>53.</strong></span> <span class='ocrx_word' id='word_1_146' title='bbox 571 1938 840 2007; x_wconf 80' lang='lat' dir='ltr'><strong>Profestos.</strong></span> <span class='ocrx_word' id='word_1_147' title='bbox 884 1940 1099 2011; x_wconf 85' lang='lat' dir='ltr'><strong>Vulgo,</strong></span> <span class='ocrx_word' id='word_1_148' title='bbox 1141 1940 1373 2007; x_wconf 79' lang='lat' dir='ltr'><strong>Profecto</strong></span> <span class='ocrx_word' id='word_1_149' title='bbox 1461 1958 1644 1993; x_wconf 81' lang='lat' dir='ltr'><strong>eamus</strong></span> <span class='ocrx_word' id='word_1_150' title='bbox 1683 1942 1829 1996; x_wconf 85' lang='lat' dir='ltr'><strong>intro</strong></span> <span class='ocrx_word' id='word_1_151' title='bbox 1866 1958 1881 1995; x_wconf 74' lang='grc' dir='ltr'><strong>ε</strong></span> <span class='ocrx_word' id='word_1_152' title='bbox 1914 1960 2137 2014; x_wconf 74' lang='lat' dir='ltr'><strong>sequere</strong></span> <span class='ocrx_word' id='word_1_153' title='bbox 2179 1940 2284 1995; x_wconf 77' lang='lat' dir='ltr'><strong>hac</strong></span> <span class='ocrx_word' id='word_1_154' title='bbox 2327 1956 2415 1992; x_wconf 87' lang='lat' dir='ltr'><strong>me</strong></span> <span class='ocrx_word' id='word_1_155' title='bbox 2437 1964 2489 1992; x_wconf 75' lang='grc' dir='ltr'><strong>ι.</strong></span> 
     </span>
     <span class='ocr_line' id='line_1_17' title="bbox 332 2016 1715 2092; baseline 0.002 -22"><span class='ocrx_word' id='word_1_156' title='bbox 332 2018 490 2085; x_wconf 77' lang='lat' dir='ltr'><strong>festos</strong></span> <span class='ocrx_word' id='word_1_157' title='bbox 507 2058 526 2086; x_wconf 87' lang='lat'><strong>‚</strong></span> <span class='ocrx_word' id='word_1_158' title='bbox 557 2019 706 2091; x_wconf 84' lang='lat' dir='ltr'><strong>quod</strong></span> <span class='ocrx_word' id='word_1_159' title='bbox 742 2016 874 2074; x_wconf 82' lang='lat' dir='ltr'><strong>dant</strong></span> <span class='ocrx_word' id='word_1_160' title='bbox 899 2020 1050 2092; x_wconf 83' lang='lat' dir='ltr'><strong>Lyco</strong></span> <span class='ocrx_word' id='word_1_161' title='bbox 1069 2058 1086 2086; x_wconf 86' lang='lat'><strong>,</strong></span> <span class='ocrx_word' id='word_1_162' title='bbox 1129 2016 1223 2073; x_wconf 76' lang='lat' dir='ltr'><strong>sed</strong></span> <span class='ocrx_word' id='word_1_163' title='bbox 1245 2018 1372 2073; x_wconf 85' lang='lat' dir='ltr'><strong>red·</strong></span> <span class='ocrx_word' id='word_1_164' title='bbox 1459 2019 1715 2074; x_wconf 60' lang='grc' dir='ltr'><strong>(ἔποικον.</strong></span> 
     </span>
    </p>
   </div>
   <div class='ocr_carea' id='block_1_4' title="bbox 3044 3482 3052 4021">
    <p class='ocr_par' dir='ltr' id='par_1_10' title="bbox 3044 3482 3052 4021">
     <span class='ocr_line' id='line_1_18' title="bbox 3044 3482 3052 4021; baseline 0 0"><span class='ocrx_word' id='word_1_165' title='bbox 3044 3482 3052 4021; x_wconf 95' lang='lat' dir='ltr'><strong> </strong></span> 
     </span>
    </p>
   </div>
  </div>
 </body>
</html>
