3067 5017
1041 448 1647 524 SUPPOSITA.
2279 473 2405 520 101

275 608 306 644 α
327 569 482 649 ’.Ῐαηι
509 547 768 669 pridem
797 570 1104 666 equidem
1134 572 1290 642 istas
1327 572 1490 643 scivi
1519 596 1659 642 esse
1680 569 1955 659 liberm,
1982 585 2049 642 et
2080 585 2415 666 exspecta-

570 684 723 752 bam
764 683 819 750 si
858 681 1008 776 quis
1045 706 1155 750 eas
1191 697 1518 750 assereret
1550 706 1803 769 manu3.

275 827 308 860 «
333 796 511 867 Nam
556 817 718 864 meae
756 817 1026 886 prorsus
1069 818 1206 862 non
1249 808 1406 865 sunt
1445 817 1460 860 ε
1505 808 1649 864 tum
1689 807 1911 862 autem
1952 817 2193 862 aurum
2231 808 2421 862 tuum

574 901 886 988 reddam,
923 901 1105 994 quod
1145 903 1323 996 apud
1364 928 1468 970 me
1503 918 1645 987 est3

277 1044 309 1078 a
335 1016 423 1083 Et
453 1012 926 1108 jusjurandum
967 1013 1178 1100 dabo,
1215 1038 1324 1088 me
1364 1013 1691 1112 malitiose
1731 1010 1899 1082 nihil
1944 1012 2208 1099 fecisse,
2243 1015 2425 1109 Ago-

571 1121 907 1191 rastocles.
2375 1137 2424 1178 1⁵

275 1265 306 1298 «
333 1258 552 1307 Acon.
595 1233 804 1324 Quod
848 1233 1013 1300 mihi
1050 1257 1172 1325 par
1204 1232 1420 1306 facere
1459 1247 1685 1304 tamen
1726 1248 1991 1328 egomet
2032 1233 2375 1304 consulam
2406 1263 2423 1305 ε

572 1345 807 1413 omitte
843 1367 1078 1436 genua.
1115 1367 1270 1416 Ltc.
1293 1345 1549 1431 Mitto,
1638 1377 1645 1384 ·

275 1486 308 1521 ιι
335 1421 406 1532 Si
441 1455 536 1524 ita
562 1454 888 1524 sententia
921 1467 1036 1523 est.
1069 1477 1280 1524 Aeon.
1299 1457 1483 1524 Heus
1515 1468 1615 1539 tu,
1648 1449 1821 1524 leno.
1848 1478 2005 1532 mc.
2033 1452 2221 1544 Quid
2250 1455 2429 1526 leno-

571 1589 724 1634 nem
768 1565 868 1632 vis
907 1564 1086 1636 inter
1128 1564 1519 1658 negotium?

277 1707 312 1741 α
342 1699 563 1755 Acon.
598 1675 876 1748 Utinam
920 1675 1086 1745 mihi
1129 1689 1486 1768 argentum
1527 1674 1800 1760 reddas,
1846 1675 2237 1768 priusquam
2272 1676 2433 1745 hine

572 1785 643 1851 in
683 1808 958 1851 nervom
991 1783 1342 1853 abducare.
1391 1808 1549 1854 LYc.
1580 1785 1698 1854 Dii

279 1926 314 1962 <a
337 1894 626 1964 Meliora
655 1889 894 1967 faxint!
931 1917 1150 1967 Aeon.
1181 1895 1291 1968 Sic
1317 1909 1450 1980 est,
1477 1893 1705 1982 video,
1746 1894 2043 1964 coenabis
2079 1895 2244 1964 foris
2272 1921 2287 1962 :
2320 1920 2435 1963 au-

574 2030 758 2090 rum,
796 2017 1190 2098 argentum,
1230 2002 1522 2090 collum,

279 2147 312 2182 t(
339 2117 720 2201 Lenostris,
761 2128 828 2183 te
867 2138 1052 2185 nunc
1094 2114 1294 2186 debes
1335 2113 1567 2186 simul.'
1598 2134 1771 2184 nur.
1820 2113 2007 2202 Quid
2044 2139 2151 2184 me
2190 2115 2315 2182 hac
2358 2137 2433 2182 re

567 2226 782 2294 facere
822 2223 1086 2308 deceat,
1131 2239 1400 2318 egomet
1477 2267 1484 2277 ·
1604 2248 1611 2256 ·
2384 2259 2439 2285 ,ο

281 2365 323 2402 <c
344 2340 611 2406 Mecum
641 2333 902 2428 cogito:
929 2335 984 2402 si
1011 2331 1168 2402 volo
1195 2335 1380 2402 hunc
1407 2331 1663 2416 ulcisci,
1684 2331 1833 2401 lites
1862 2357 2101 2428 sequar
2118 2337 2186 2403 in
2212 2334 2434 2406 alieno
2476 2411 2485 2420 ,

576 2444 870 2538 oppido,

283 2555 695 2645 «Quantum
749 2552 976 2630 audivi
1037 2551 1426 2646 ingenium,
1477 2567 1547 2618 et
1589 2559 1807 2646 mores
1852 2553 1995 2644 ejus
2047 2578 2183 2646 quo
2232 2569 2436 2648 pacto

575 2665 772 2733 sient.
815 2685 1120 2731 ADELPH.
1163 2662 1265 2728 Mi
1303 2676 1523 2755 pater,

281 2779 450 2847 «Ne
496 2773 661 2869 quid
715 2773 838 2842 tibi
877 2797 1028 2839 cum
1083 2758 1248 2838 istoc
1299 2771 1394 2838 rei
1441 2772 1599 2861 siet,
1656 2785 1724 2839 et
1773 2795 2082 2840 maxume
2126 2771 2424 2842 obsecro.

581 2906 802 2954 ANTE.
850 2879 1176 2956 Ausculta
1219 2881 1453 2951 sorori.

285 3024 320 3060 α
345 2995 507 3082 Abi,
555 2993 863 3086 disjunge
902 2991 1286 3072 inimicitias
1321 3016 1474 3060 cum
1518 2991 1851 3084 improbo.
1888 3016 2060 3065 HAN.
2102 2997 2249 3062 Hoc
2281 3017 2451 3086 age,v

580 3104 704 3196 siS,
749 3102 960 3172 leno.
994 3125 1403 3195 quamquam
1441 3125 1573 3196 ego
1612 3115 1677 3169 te

281 3247 319 3281 t(
342 3215 668 3286 Meruisse
717 3228 794 3281 ut
843 3236 1112 3305 pereas,
1150 3211 1334 3298 scio;
1390 3236 1527 3278 non
1567 3213 1880 3320 experiar
1930 3227 2172 3284 tecum.
2217 3237 2432 3282 soon.

579 3327 818 3416 Neque
861 3323 913 3390 si
951 3346 1190 3390 aurum
1228 3322 1392 3390 mihi
1429 3299 1715 3406 reddas,
1758 3349 2060 3410 mecum,
2389 3347 2438 3386 ,ε

284 3467 318 3501 «
343 3441 568 3522 Leno,
607 3432 900 3528 quando,
942 3457 1022 3500 ex
1054 3457 1262 3501 nervo
1295 3433 1609 3518 emissuS,
1658 3437 2089 3530 compingare
2124 3436 2192 3503 in
2224 3461 2439 3506 carce-

581 3538 742 3616 rem.
776 3569 933 3616 LYc.
971 3548 1116 3613 Jam
1151 3560 1378 3614 autem
1416 3560 1491 3614 ut
1534 3544 1721 3614 solet.
2177 3625 2181 3632 .

289 3690 324 3726 «
351 3663 495 3754 Ego
521 3713 540 3746 ,
573 3661 776 3726 Poene
797 3709 817 3744 ‚
843 3656 968 3724 tibi
1007 3681 1114 3724 me
1151 3670 1518 3751 purgatum
1552 3656 1735 3743 volo,
1768 3656 2025 3748 siquid
2058 3657 2195 3726 dixi
2230 3660 2447 3730 iratus

581 3767 940 3836 advorsum

290 3909 326 3944 c<
354 3878 578 3960 Animi
625 3877 725 3945 tui
765 3877 1200 3962 sententiam,
1244 3857 1332 3943 id‘
1357 3877 1458 3946 uti
1499 3877 1805 3972 ignoscas
1840 3900 2065 3969 quaeso
2096 3903 2111 3946 z
2146 3895 2212 3948 et
2239 3907 2445 3974 quom

586 3988 744 4055 istas
780 3985 1099 4054 invenisti
1135 3984 1341 4073 filias,

294 4129 328 4164 α
355 4102 456 4168 Ita
498 4121 606 4166 me
647 4097 740 4164 dii
791 4111 1056 4186 ament,
1101 4095 1267 4165 mihi
1322 4094 1636 4190 volupta’
1640 4110 1719 4168 st.
1782 4119 1959 4166 ΗΑΝ.
2019 4101 2335 4192 Ignosco,
2390 4119 2456 4170 et

591 4205 793 4275 credo
831 4205 977 4274 tibi.
