3067 5017
660 458 807 551 47⁰
1320 450 2148 531 Tauculffin‘rus,

654 580 805 649 lam
840 574 1019 641 'enim
1060 598 1285 641 eccere
1318 572 1429 639 ibo
1464 573 1533 638 in
1573 571 1832 656 forum,
1875 585 2078 665 atque
2108 568 2254 639 haec
2295 570 2472 639 facta
2513 570 2805 641 narrabo

959 684 1121 750 seni.

660 798 969 888 Namque
1002 796 1173 861 istuc
1210 796 1349 885 ipse
1392 793 1638 885 gestit3
1679 816 1843 885 ergo
1875 806 2075 886 coget
2110 815 2390 859 examen
2425 788 2607 859 mali.

666 926 813 973 Δεῖ.
842 905 913 973 Si
945 957 964 989 ‚
991 918 1279 988 eoestor‚
1310 903 1421 970 hic
1460 902 1668 971 homo
1695 902 1916 995 sinapi
1943 902 2226 987 victitet,
2253 924 2396 969 non
2423 925 2724 969 censeam
2751 918 2808 959 6ο

665 1020 833 1085 Tam
884 1037 1026 1081 esse
1063 1015 1319 1081 tristem
1358 1038 1554 1107 posse
1591 1040 1608 1081 ε
1645 1026 1716 1080 at
1735 1066 1756 1097 ‚
1793 1011 1946 1107 pol,
1995 1013 2162 1079 hero
2197 1010 2604 1081 benevolens
2641 1025 2716 1078 ut
2747 1010 2806 1077 is

960 1138 1063 1193 est
1100 1149 1223 1191 suo
1254 1122 1269 1192 Ξ

664 1240 919 1305 Verum
962 1260 1089 1329 ego
1126 1233 1353 1319 illum,
1396 1258 1812 1330 quamquam
1857 1232 2190 1302 violentus
2233 1246 2374 1319 est,
2417 1256 2616 1326 spero
2659 1255 2804 1299 mu·

960 1345 1087 1413 tari
1130 1358 1355 1438 potest

664 1453 1180 1540 BlandiinentiS‚
1218 1455 1631 1523 ornamentis
1671 1454 1928 1523 caeteris
1977 1454 2398 1523 meretriciis,

666 1563 828 1634 Vidi
858 1564 1169 1658 equidem
1189 1590 1271 1633 ex
1290 1566 1618 1656 jumentis
1643 1564 1898 1633 domita
1927 1562 2074 1631 fieri
2093 1617 2113 1651 ,
2137 1578 2340 1658 atque
2369 1562 2534 1633 alias
2559 1559 2805 1631 beluas,

670 1678 870 1744 Nunc
901 1675 989 1743 ad
1022 1676 1253 1743 heram
1290 1676 1602 1743 revidebo
1635 1702 1651 1743 ε
1689 1674 1806 1743 sed
1843 1700 2076 1743 eccum
2115 1674 2346 1743 odium
2385 1672 2812 1768 progreditur

974 1810 1223 1853 meum.
2759 1800 2814 1839 ⁶⁵

675 1896 915 1965 Tristis
951 1898 1088 1963 exit
1128 1923 1143 1963 ε
1196 1895 1375 1963 haud
1416 1896 1734 1964 convenit
1775 1896 1978 1964 etiam
2007 1896 2120 1964 hic
2153 1895 2316 1964 dum
2351 1894 2812 1967 Phronesium.

1221 2152 1658 2241 SCENA
1741 2152 2286 2240 TERTIA.

1150 2380 1686 2451 DINARCHUS
1713 2434 1732 2461 ‚
1795 2378 2348 2449 ASTAPHIUM.

682 2624 836 2673 nm.
868 2602 1112 2673 Piseeis
1152 2628 1278 2696 ego
1314 2600 1554 2686 credo,
1598 2601 1717 2694 qui
1756 2624 1965 2695 usque
2007 2600 2170 2669 dum
2207 2602 2472 2688 vivont,
2512 2600 2766 2687 lavant,

679 2714 911 2781 Minus
956 2712 1075 2779 diu
1118 2710 1372 2798 lavare,
1415 2735 1620 2805 quam
1657 2710 1798 2778 haec
1836 2708 2017 2779 lavat
2051 2712 2524 2782 Phronesium.

678 2822 752 2893 Si
788 2822 1071 2917 proinde
1105 2838 1415 2891 amentur
1455 2818 1808 2905 mulieres,
1847 2820 1966 2889 diu
2005 2846 2208 2915 quam
2261 2821 2489 2893 lavant
2513 2876 2534 2910 ‚
2629 2892 2658 2907 ,

680 2934 960 3001 Omneis
1003 2933 1328 3001 amanteis
1370 2931 1790 2999 balneatores
1833 2932 2026 3001 sient.

679 3066 828 3113 As‘r.
874 3042 1029 3110 Non
1071 3040 1221 3136 quis
1264 3065 1628 3135 parumper
1662 3039 1945 3126 durare,
1988 3044 2376 3137 operit-ier?
2801 3062 2826 3099 ⁵

678 3176 827 3221 nm.
870 3151 1091 3239 Quin,
1128 3148 1388 3236 hercle,
1416 3150 1642 3220 ·lassus
1671 3151 1813 3243 jam
1849 3176 2000 3222 sum
2037 3153 2352 3223 durando
2389 3156 2614 3222 miser.

678 3338 839 3391 nibus
865 3348 921 3389 et
950 3336 1447 3406 compotationibus.
1484 3338 1708 3390 Scnuo.
1879 3336 1972 3389 66.
2010 3336 2274 3407 Convenit,
2333 3334 2484 3389 adiit.
2531 3366 2614 3377 —-
2656 3335 2826 3386 Etiam

765 3417 858 3471 ⁵8.
882 3417 1100 3479 Exere,
1123 3416 1322 3468 statim.
1797 3418 1877 3469 hie
1906 3414 2048 3480 dum,
2079 3415 2258 3469 tmesis
2275 3456 2293 3483 ,
2339 3413 2668 3480 etiamdum,
2704 3430 2830 3467 cum

764 3499 857 3564 59.
880 3496 1103 3567 Namque
1119 3534 1133 3560 ‚
1156 3508 1260 3548 etc.
1280 3495 1447 3566 Vulg.
1472 3518 1496 3543 ι
1518 3495 1709 3566 Neque
1797 3496 2044 3568 negativa
2069 3497 2296 3549 nondum.
2317 3494 2389 3549 N.

675 3578 815 3631 istuc
855 3577 912 3628 in
944 3594 1001 3627 se
1024 3574 1214 3645 gestit3
1248 3592 1375 3647 ergo
1410 3588 1567 3646 coget
1597 3590 1714 3628 exa-
1885 3594 1938 3629 2.
1987 3576 2193 3629 Lanam
2241 3576 2462 3628 Plautus
2517 3590 2548 3625 a
2588 3576 2828 3626 Varrone

670 3658 873 3709 nimem
892 3654 1019 3707 mali
1042 3680 1089 3707 ι.
1113 3655 1421 3723 Boxhornio
1438 3666 1495 3707 et
1517 3654 1711 3708 Bothio
1799 3654 1990 3708 leviter
2029 3654 2464 3725 reprehenditur,
2509 3654 2605 3725 qui
2647 3664 2830 3705 contra

676 3734 1077 3807 adjuvantibus,
1108 3734 1278 3799 hanc,
1306 3734 1711 3805 qualiscumque
1799 3736 2096 3805 analogiam
2140 3736 2398 3805 loquutus
2445 3734 2546 3797 sit,
2579 3746 2635 3786 et
2669 3732 2830 3783 lavare

674 3829 784 3881 est,
814 3814 1037 3886 protuli.
1067 3814 1137 3867 Ν.
1192 3830 1201 3838 ·
1795 3812 1992 3868 dixerit
2011 3854 2028 3880 ,
2083 3832 2256 3885 quum
2317 3814 2593 3867 debuisset
2657 3812 2828 3862 lavari.

756 3903 850 3949 62.
880 3894 1057 3947 Verum
1078 3911 1172 3962 ego
1192 3892 1347 3945 illum.
1377 3893 1551 3946 Aliter
1571 3894 1706 3946 inci-
1878 3903 1932 3959 4.
1993 3896 2194 3947 Omnec's
2253 3898 2508 3945 amortuis.
2582 3893 2831 3943 Amantes

670 3977 787 4049 pit,
816 3975 970 4028 aliter
1002 3971 1199 4026 desinit
1233 3974 1425 4028 oratio.
1449 3974 1590 4026 Nam
1616 3973 1702 4025 vel
1791 3974 1926 4027 flant
1961 3974 2333 4039 balneatores,
2359 3974 2564 4044 quippe
2601 3987 2832 4043 quorum

670 4058 777 4116 We,
803 4056 889 4107 vel
922 4056 1102 4105 mutae-i
1132 4070 1275 4121 posse
1304 4066 1568 4123 oporteat.
1612 4046 1704 4105 ln‘-
1791 4055 1977 4108 amicae
2013 4052 2245 4107 lavando
2295 4066 2468 4106 totum
2511 4060 2830 4105 consumant

668 4130 819 4189 chria
861 4134 1123 4187 sermonis
1162 4150 1273 4183 non
1310 4132 1562 4187 indecora
1599 4133 1704 4187 hoc
1787 4130 1956 4187 diem.
1982 4133 2051 4185 N.

646 4219 809 4268 dono.
838 4214 909 4265 N.
1876 4213 1928 4266 5.
1958 4214 2108 4282 Qat's,
2135 4214 2170 4264 i.
2199 4231 2246 4265 e.
2268 4223 2444 4281 poton.
2481 4228 2494 4237 ·
