3067 5017
667 383 804 454 292
1504 365 1646 432 Ru
1663 365 1924 434 onus
1948 417 1971 452 ‚

663 505 870 553 nun.
901 483 990 552 Et
1015 479 1208 552 illum
1237 506 1366 576 ego
1393 481 1753 554 advorsum
1775 537 1795 572 ,
1826 489 1883 556 si
1910 488 2075 582 quid
2112 515 2456 583 praemisso,
2484 497 2769 584 Venus,

660 595 967 662 Veneror
997 606 1063 660 te
1081 646 1101 678 ‚
1144 606 1221 662 ut
1254 593 1512 662 omneis
1547 595 1770 664 miseri
1806 595 2077 667 lenones
2112 601 2313 670 sient.

659 725 852 772 elur.
897 706 1150 771 Tamen
1189 701 1303 770 fiet
1321 755 1342 784 ‚
1377 702 1502 771 etsi
1543 715 1618 771 tu
1654 703 1859 774 fidem
1900 713 2285 781 servaveris,

656 813 762 878 Tu
801 809 950 878 heic
984 811 1286 904 operire,'
1309 811 1448 904 jam
1488 837 1617 905 ego
1654 813 1807 882 faxo
1843 817 2051 886 exibit
2086 845 2325 890 senex:

653 921 830 988 Eum
866 934 942 987 tu
983 921 1306 989 continuo
1343 918 1651 990 vidulum
1688 927 2042 1018 reposcite.
2080 947 2291 1004 (itiam)
2756 954 2815 995 σε

649 1052 855 1099 LABR.
896 1031 966 1100 Si
1007 1055 1316 1100 maxume
1353 1031 1523 1100 mihi
1569 1030 1759 1101 illum
1796 1035 2165 1106 reddiderit
2202 1039 2551 1130 vidulum,

649 1143 810 1210 Non
845 1140 946 1209 illi
981 1167 1106 1235 ego
1147 1141 1350 1211 hodie
1385 1141 1597 1210 debeo
1630 1144 2015 1216 triobolum.

644 1253 844 1320 Meus
881 1249 1329 1338 arbitratu’st,
1372 1250 1605 1346 lingua
1646 1254 1831 1346 quod
1858 1257 2044 1348 juret
2082 1283 2249 1327 mea.

649 1359 781 1446 Sed
815 1361 1257 1430 conticescam
1289 1387 1307 1430 ε
1344 1386 1581 1432 eccum
1620 1365 1755 1432 exit
1774 1417 1795 1452 ,
1828 1380 1898 1434 et
1932 1365 2121 1437 ducit
2158 1393 2408 1440 senem.

1207 1613 1635 1704 SCENA
1696 1617 2237 1709 TERTIA.

1032 1815 1405 1927 GRiPUS,
1462 1842 1967 1934 DAEMoNES‚
2013 1849 2406 1920 LABRAX.

641 2055 834 2102 amr.
867 2033 1161 2123 Sequere
1188 2029 1338 2100 hac.
1366 2031 1506 2102 Ubi
1535 2031 1685 2100 istic
1722 2031 1877 2104 leno
1908 2037 2059 2107 est?
2090 2039 2256 2109 heus
2282 2056 2390 2129 tu,
2430 2043 2587 2111 hem
2626 2045 2751 2114 tibi
2770 2098 2797 2134 ‚

930 2138 1042 2206 hic
1085 2139 1286 2208 habet
1326 2139 1654 2211 vidulum.

637 2274 828 2322 DAEM.
859 2249 1093 2318 Habeo
1115 2301 1136 2336 ‚
1170 2264 1240 2318 et
1274 2249 1489 2319 fateor
1519 2275 1663 2320 esse
1696 2254 1879 2348 apud
1912 2281 2020 2325 me
2049 2273 2158 2326 :et
2177 2313 2197 2346 ‚
2216 2261 2274 2328 si
2310 2276 2468 2331 tuus
2497 2277 2597 2332 est
2616 2316 2637 2349 ,
2672 2263 2798 2334 ha·

934 2359 1094 2427 beas
1137 2358 1284 2428 tibi.

635 2468 887 2539 Omnia
931 2483 1007 2537 ut
1045 2466 1376 2561 quidquid
1417 2468 1713 2558 infuere,
1759 2472 1853 2540 ita
1902 2474 2084 2544 salva
2128 2477 2449 2548 sistentur
2484 2482 2630 2553 tibi.

641 2582 866 2665 Tene,
911 2578 966 2646 si
1021 2592 1179 2645 tuus
1231 2593 1353 2646 est.
1417 2602 1623 2649 LABR.
1705 2586 1772 2652 O
1816 2583 1886 2652 di
1936 2585 2382 2660 inmortaleis!
2428 2615 2617 2662 meus
2667 2611 2795 2664 est.

931 2685 1124 2756 Salve
1145 2740 1165 2773 ‚
1201 2685 1447 2756 vidule.
2796 2711 2809 2719 ·

641 2820 839 2867 nAEu.
876 2799 1152 2866 Tuusne
1187 2797 1336 2866 est?
1365 2821 1570 2868 LABR.
1602 2801 1932 2895 Rogitas?
1964 2806 2331 2901 siquidem,
2378 2810 2601 2882 hercle
2621 2868 2642 2901 ,
2677 2819 2795 2885 Jo-

923 2907 1024 2975 vis
1065 2905 1230 2995 fuit,
1265 2932 1451 2976 meus
1485 2924 1587 2978 est
1624 2925 1870 2984 tamen.
2762 2937 2791 2976 ⁵

633 3040 829 3086 mnu.
890 3018 1144 3086 Omnia
1199 3018 1429 3087 insunt
1474 3019 1705 3090 salva:
1756 3048 1893 3092 una
1960 3025 2161 3097 istinc
2202 3029 2460 3100 cistella
2510 3051 2789 3130 excepta

922 3141 1024 3196 est
1059 3127 1264 3196 modo

627 3239 810 3308 Cum
842 3235 1232 3330 crepundiis
1252 3288 1275 3322 ‚
1314 3238 1719 3331 quibuscum
1761 3241 1964 3312 hodie
1996 3243 2201 3314 filiam
2242 3249 2467 3320 inveni
2510 3279 2755 3326 meam.

629 3371 835 3417 LABR.
881 3346 1144 3435 Quam?
1179 3371 1372 3416 mnu.
1419 3350 1567 3417 Tua
1609 3376 1757 3444 quae
1794 3351 1922 3421 fuit
1968 3353 2321 3446 Palaestra,
2368 3385 2445 3428 ea
2500 3362 2638 3432 filia
2676 3366 2787 3434 in-

915 3469 1112 3524 venta
1147 3470 1248 3525 est
1291 3481 1459 3526 mea.

625 3644 750 3680 men
790 3623 1159 3696 precationem
1203 3623 1378 3678 diram
1424 3625 1524 3678 'tibi
1556 3645 1661 3679 ser·
1833 3635 1930 3686 68.
1952 3633 2096 3686 Meus
2124 3636 2366 3690 arbitratu
2374 3639 2450 3692 'st.
2492 3641 2656 3706 Quod
2680 3663 2789 3715 ego

623 3717 750 3760 vato
764 3743 782 3770 ,
818 3721 988 3774 eaque
1024 3704 1083 3756 in
1122 3716 1274 3756 tuum
1297 3716 1460 3775 caput
1484 3719 1660 3759 verta-
1746 3711 2103 3781 jurejurando
2124 3718 2349 3784 promisi
2370 3757 2388 3785 ‚
2413 3739 2481 3772 an
2504 3738 2791 3794 exsequar,

623 3799 733 3839 tur.
765 3785 956 3837 Luni.
987 3815 1069 3824 -
1096 3784 1281 3836 Tamen
1297 3821 1314 3849 ‚
1363 3797 1657 3857 utcumque
1744 3788 1913 3860 judex
1938 3809 2037 3862 ego
2062 3813 2194 3848 snm.

623 3865 802 3928 facias,
828 3882 920 3915 sen
951 3881 1127 3917 serves
1143 3861 1306 3916 fidem
1321 3903 1338 3928 ,
1364 3881 1455 3916 seu
1485 3864 1652 3929 fallas,
1830 3869 1884 3923 5.
1919 3870 2194 3944 Siquidem,
2243 3877 2401 3930 hercle
2414 3917 2432 3944 ,
2475 3880 2614 3932 Iovi-t
2644 3883 2779 3948 fuit.

625 3942 894 3996 eradicare
933 3943 1106 3994 statim
1139 3962 1203 3995 ac
1234 3944 1514 4013 juraveris.
1557 3945 1653 3998 Di.-
1744 3949 1967 4013 Etiamsi
2001 3952 2061 4005 in
2098 3957 2479 4025 possessionem
2506 3961 2661 4012 Iovis
2684 3981 2785 4014 ve-

625 4043 699 4077 rn
718 4022 776 4075 in
800 4023 1021 4075 lenones
1042 4041 1220 4075 sermo
1243 4023 1494 4094 vulgaris,
1742 4027 1905 4082 nisset
1926 4068 1944 4094 ‚
1976 4045 2151 4086 tamen
2203 4050 2339 4090 esset
2382 4036 2558 4092 adbuc
2602 4059 2781 4095 mens.

705 4106 799 4157 62.
824 4103 877 4154 V
873 4121 1056 4154 meror.
1087 4102 1280 4155 Bacch.
1306 4104 1380 4168 ΙΙ,
1411 4122 1462 4170 1,
1491 4109 1547 4166 4.
1638 4169 1651 4177 ⁸
1743 4107 2007 4162 Dmmus.
