3067 5017
897 395 1244 464 Acrus
1297 395 1413 480 11,
1464 394 1798 463 SCENA
1847 397 1981 464 v1.

254 556 258 560 -
362 520 517 589 Scio
556 543 683 612 ego
718 514 963 586 multos
1005 515 1768 586 memoravissemilites
1807 517 2265 589 mendacium.

254 645 260 650 “
366 632 453 698 Et
483 627 994 714 Homeronidae‚
1046 645 1113 698 et
1155 644 1310 723 post
1352 627 1465 698 illa
1502 626 1686 698 mille
1722 629 2080 697 memorari
2117 643 2380 724 potest,

2379 400 2528 494 47'9

366 741 508 830 Qui
550 754 618 809 et
653 738 943 808 convicti
980 752 1049 809 et
1082 738 1511 808 condemnati
1553 736 1734 805 falsis
1767 736 1850 806 de
1885 739 2136 834 pugnis
2168 740 2360 809 si'ent.
2498 759 2522 800 ⁵

365 851 523 920 Non
561 846 987 918 laudandu’st
1021 850 1183 942 quoi
1232 848 1385 952 plus
1440 845 1660 916 credit
1708 847 1825 940 qui
1870 847 2098 934 audit,
2139 873 2344 944 quam
2397 851 2518 946 qui

655 959 860 1028 videt.

358 1072 518 1141 Non
554 1068 809 1164 placet,
854 1093 1060 1164 quom
1101 1068 1197 1138 illi
1238 1067 1389 1165 plus
1438 1068 1719 1137 laudant
1757 1069 1876 1163 qui
1929 1067 2252 1160 audiunt,
2313 1097 2518 1166 quam

656 1180 775 1274 qui
809 1179 1065 1248 vident.

361 1289 579 1358 Pluris
611 1307 711 1359 est
752 1290 1056 1360 oculatus
1094 1291 1277 1360 testis
1316 1316 1492 1359 unus
1516 1345 1533 1376 ‚
1574 1316 1779 1386 quam
1817 1292 2024 1360 auriti
2065 1292 2293 1361 decem
2316 1347 2335 1376 ‚

360 1401 498 1490 Qui
535 1400 821 1470 audiunt
844 1453 863 1486 ‚
904 1399 1134 1469 audita
1175 1401 1411 1470 dicunt
1446 1427 1463 1470 ε
1503 1402 1622 1495 qui
1660 1401 1926 1487 vident,
1966 1401 2168 1496 plane
2206 1403 2446 1475 sciunt.

342 1514 427 1582 N
430 1537 517 1578 on
542 1510 759 1606 placet
786 1535 987 1604 quem
1018 1536 1262 1579 scurrae
1286 1510 1566 1579 laudant
1583 1565 1604 1596 ‚
1625 1511 2104 1606 manipulareis
2130 1515 2522 1602 mussitant,

361 1623 601 1714 Neque
646 1619 788 1707 illi,
822 1645 1113 1714 quorum
1154 1620 1387 1716 lingua
1428 1620 1809 1716 gladiorum
1848 1621 2060 1691 aciem
2111 1625 2524 1720 praestringit

659 1730 866 1799 domi.

363 1842 637 1912 Strenui
681 1843 889 1910 nimio
928 1840 1081 1936 plus
1119 1857 1405 1936 prosunt
1436 1842 1734 1937 popule,
1770 1867 1976 1936 quam
2012 1845 2236 1938 arguti
2269 1859 2336 1914 et
2363 1845 2518 1916 cati.

356 1950 580 2028 Facile
618 1953 745 2020 sibi
785 1951 1273 2021 facunditatem
1311 1953 1525 2021 virtus
1557 1966 1868 2046 argutam
1909 1955 2190 2023 invenit.

446 2171 499 2226 4.
544 2163 621 2214 Et
662 2161 1022 2214 Homeronidoe.
1059 2162 1394 2214 Homeronida

360 2261 561 2294 nomen
602 2242 787 2294 militis
826 2241 1079 2312 gloriosi,
1117 2260 1179 2294 ex
1215 2242 1395 2312 aliqua

364 2320 628 2374 comoedia
670 2334 799 2374 tunc
842 2333 1054 2373 notum.
1090 2321 1213 2373 Post
1261 2323 1395 2373 illam

359 2401 561 2454 habent
583 2400 729 2452 libri.
761 2399 923 2453 Unde
956 2412 1037 2452 est
1061 2400 1118 2452 in
1142 2400 1395 2453 editioni-

362 2483 465 2532 bus
497 2492 612 2552 post
654 2481 758 2534 illa.
802 2481 942 2532 Puto
968 2479 1256 2550 legendum
1284 2499 1396 2532 una

364 2561 519 2612 litera
542 2571 747 2612 mutata
770 2578 784 2612 :
816 2585 839 2606 ι
860 2559 930 2610 Et
946 2558 1395 2624 Homeronidam‚

364 2652 415 2692 et
440 2652 564 2710 post
592 2641 747 2692 illum
792 2639 941 2691 mille
976 2639 1265 2692 memorari
1295 2659 1393 2711 po-

366 2731 466 2772 test
486 2745 534 2770 a.
560 2712 821 2790 ὁμηρῖὃας
850 2731 927 2771 est
949 2717 1195 2790 ῥαψῳδός.
1232 2718 1395 2772 Unde

362 2811 415 2852 et
435 2818 539 2870 pro
565 2799 799 2871 glorioso
824 2798 1055 2866 sumitur
1076 2799 1279 2853 Graecis
1300 2800 1395 2871 qui

361 2881 547 2950 longas
576 2880 707 2934 texit
736 2874 993 2950 ῥαψῳδίας
1027 2877 1096 2932 de
1126 2880 1233 2932 suis
1266 2879 1395 2932 faci-

362 2960 604 3012 noribus.
644 2960 786 3012 Hinc
825 2950 1097 3029 ὑμηριδεῖν
1126 2959 1395 3030 Hesychio

360 3035 654 3108 ψεύδεσθαι·
696 3039 1031 3091 Homeronida
1068 3058 1170 3110 pro
1200 3039 1397 3091 Home-

362 3117 482 3172 rida
505 3121 697 3172 Plauto
722 3138 929 3172 nomen
957 3118 1141 3172 militis
1156 3119 1393 3190 gloriosi.

362 3199 724 3252 Suam—Ut
748 3199 887 3252 nihil
910 3198 1219 3252 recedamus
1246 3219 1275 3251 a
1301 3217 1394 3250 ve·

364 3279 467 3331 teri
505 3279 802 3349 scriptura:
854 3304 877 3325 α
898 3279 969 3332 Et
1017 3277 1397 3332 Homeronida

366 3370 420 3410 et
441 3370 567 3429 post
586 3359 675 3412 illa
708 3384 731 3406 ιι
756 3379 769 3409 :
813 3358 946 3423 erit,
977 3359 1131 3411 Mille
1159 3359 1395 3411 militum

366 3437 590 3490 Homeri
626 3451 680 3490 et
722 3449 845 3508 post
876 3438 969 3490 illa
1014 3450 1294 3491 auctorum
1338 3439 1397 3490 in

361 3517 573 3588 scriptis
602 3515 945 3570 laudatorum
980 3519 1270 3570 memorari
1298 3537 1395 3588 po·

363 3609 481 3660 test,
500 3597 697 3668 quibus
720 3615 919 3667 magno
948 3596 1228 3650 mendacio
1250 3609 1397 3650 tanta

364 3675 629 3729 fortitudo
662 3675 1001 3730 adscribitur.
1030 3677 1283 3730 Gnonov.
1333 3709 1395 3720 —·

363 3753 509 3808 Mille
554 3760 807 3808 memorari
845 3767 1023 3827 potest.
1070 3756 1262 3808 Rarius
1315 3757 1397 3809 lo-

362 3834 567 3906 quendi
588 3855 753 3907 genus
773 3857 785 3887 :
812 3855 919 3907 pro
940 3836 1087 3888 mille
1106 3837 1395 3890 memorari

364 3929 591 3985 possunt
627 3933 641 3968 ε
683 3916 785 3970 tale
818 3914 955 3969 illud
998 3915 1209 3969 Poenuli
1251 3915 1395 3968 fine:

366 4016 391 4038 ι
412 3995 707 4049 Trecentos
771 4015 1024 4049 nummos
1088 3995 1399 4066 Philippos»,

364 4074 547 4140 eredo,
572 4073 794 4128 conradi
820 4088 998 4148 potest
1019 4101 1041 4122 a
1056 4116 1067 4128 .
1096 4077 1258 4128 Acm-

1482 2175 1536 2214 et
1576 2175 1745 2233 poetae
1785 2184 1798 2212 :
1849 2163 2046 2234 quihus
2093 2163 2216 2234 plus
2257 2165 2524 2219 credimus

1481 2259 1606 2299 nos,
1642 2242 1733 2312 qui
1769 2241 2104 2316 audivimus,
2132 2263 2293 2314 quam
2321 2247 2416 2316 qui
2436 2248 2520 2299 vi·

1482 2319 1700 2374 derunt.
1721 2321 1904 2374 Lim.
2413 2322 2418 2326 ’

1568 2420 1623 2470 7.
1656 2399 1778 2452 Non
1796 2402 1989 2470 placet,
2015 2421 2172 2473 quom.
2197 2402 2321 2454 Non
2346 2403 2522 2472 placet

1480 2479 1585 2530 hoc
1622 2479 1756 2532 mihi
1792 2499 1991 2550 quum,
2018 2481 2112 2550 qui
2134 2480 2370 2535 audiunt
2394 2503 2520 2536 nar·

1481 2571 1649 2624 rataS,
1708 2559 1829 2628 plus
1881 2559 2135 2624 laudant,
2197 2579 2357 2630 quam
2421 2564 2520 2634 qui
2580 2591 2583 2600 v

1482 2639 1646 2690 rebus
1679 2637 1926 2709 gerendis
1963 2639 2344 2692 interfuerunt.
2372 2641 2436 2694 L.

1572 2736 1656 2771 10.
1671 2717 1896 2781 Scurroe,
1918 2719 2166 2773 homines
2192 2720 2406 2772 urbani.
2431 2721 2516 2776 Cf.

1480 2796 1642 2870 Epid.
1665 2800 1723 2864 I,
1753 2816 1800 2860 1,
1841 2800 1930 2852 13.
1951 2799 2427 2868 —Manipuloreis,
2459 2799 2519 2854 id

1482 2890 1594 2942 est,
1641 2877 1896 2932 militares
1945 2879 2208 2932 homines.
2254 2911 2337 2922 ·--
2382 2881 2523 2934 Mus·

1480 2961 1638 3009 sitam
1676 2999 1692 3025 ‚
1761 2971 1938 3012 tacent
1976 2996 1992 3023 ,
2073 2977 2187 3011 non
2272 2959 2517 3014 laudant.

1482 3037 1664 3090 Lmn.

1571 3137 1594 3170 1
1613 3137 1637 3170 1
1650 3157 1663 3168 .
1703 3119 1920 3189 Quorum
1961 3119 2148 3188 lingua.
2179 3118 2440 3173 Rhetores
2465 3132 2521 3174 et

1482 3191 1852 3269 δημαγωγοὺς,
1892 3196 1950 3250 id
1996 3213 2108 3263 est,
2155 3197 2384 3252 blandos
2423 3219 2521 3270 po·-

1482 3277 1601 3348 puli
1659 3290 1895 3330 rectores
1948 3297 2042 3330 seu
2109 3278 2520 3332 concionatores

1483 3357 1674 3427 tangit.
1704 3358 1913 3410 Douzs.
1949 3388 2030 3398 --
2057 3357 2393 3428 Pmstringit.
2428 3359 2516 3414 Cf.

1482 3437 1602 3490 Mil.
1633 3439 1693 3503 1,
1731 3457 1787 3503 ι,
1819 3443 1872 3500 4.

1573 3517 1665 3570 13.
1723 3517 1894 3569 Virtus
1951 3529 2198 3585 argutam.
2254 3516 2522 3569 Disertam

1484 3597 1850 3667 eloquentiam
1875 3595 2008 3649 dicit
2029 3596 2230 3648 virtute
2261 3596 2518 3650 inveniri.

1482 3677 1623 3730 Nam
1667 3677 1756 3728 hic
1809 3688 2012 3746 argutus
2060 3687 2140 3729 est
2185 3675 2414 3728 disertus
2465 3689 2522 3729 et

1485 3757 1762 3828 eloquens,
1778 3769 1830 3808 et
1851 3755 1986 3808 illud
2009 3754 2356 3826 significatur,
2371 3755 2520 3826 quod

1484 3855 1515 3888 a
1542 3837 1766 3889 Platone
1793 3836 2048 3906 scriptum
2087 3846 2140 3887 et
2183 3853 2213 3887 a
2259 3835 2524 3890 Cicerone

1484 3917 1712 3969 relatum
1739 3933 1752 3968 τ
1793 3917 2248 3986 Unumquemque
2276 3915 2331 3966 in
2357 3933 2422 3968 eo
2447 3935 2522 3968 sa-

1490 3997 1558 4048 tis
1595 4015 1704 4048 esse
1741 3993 2032 4057 disertum,
2069 3994 2214 4064 quod
2248 3995 2436 4061 sciret,
2467 4007 2522 4048 et

1487 4074 1636 4146 quod
1671 4087 1818 4128 recte
1853 4073 2026 4128 facere
2055 4087 2252 4145 posset.
2274 4075 2517 4138 Probus,

451 4159 505 4208 6.
542 4156 677 4222 Quoi
700 4155 815 4227 plus
852 4157 1021 4210 credit.
1054 4156 1130 4209 Ut
1157 4155 1401 4209 historici
1489 4153 1558 4209 ad
1584 4155 1781 4225 Vix-gil.
1817 4156 2006 4209 Bucol.
2039 4156 2143 4221 IV,
2189 4167 2416 4226 argutum
2453 4156 2522 4208 sb
