3067 5017
935 413 1265 482 Aeros
1316 415 1405 499 V,
1455 415 1805 484 scENA
1857 419 1960 484 11.
2376 414 2520 513 439

355 537 554 610 Solus
596 551 739 622 sto,
776 559 939 621 nec,
980 535 1165 628 quod
1209 547 1488 603 conatus
1526 559 1676 604 sum
1720 558 1952 630 agei-,e
1997 539 2166 632 ago?
2209 539 2518 609 homines

656 643 1046 738 conloquar.

353 776 637 827 CHARM.
678 756 849 845 Quis
884 750 995 823 hic
1030 769 1165 840 est,
1204 757 1318 847 qui
1358 757 1493 824 huc
1522 756 1608 823 ad
1649 776 1770 824 nos
1800 757 2099 825 incedit?
2133 779 2282 829 LYs.
2315 760 2520 830 Char-

656 865 904 933 midem
954 890 1259 933 socerum
1306 889 1500 934 suum

358 973 680 1070 Lysiteles
700 972 965 1042 salutat.
987 995 1263 1044 CHARM.
1284 976 1370 1044 Di
1401 975 1563 1043 dent
1594 975 1716 1041 tibi
1742 1028 1760 1061 ‚
1781 972 2136 1068 Lysiteles,
2161 1001 2308 1070 quae
2330 976 2513 1047 velis.

356 1109 560 1155 CAH..
597 1089 751 1156 Non
791 1108 917 1178 ego
955 1109 1100 1152 sum
1141 1085 1369 1153 salutis
1412 1084 1698 1180 dignus?
1734 1109 1892 1154 LYc.
1937 1089 2084 1154 Imo
2119 1085 2336 1170 salve,
2368 1087 2514 1158 Cal-

652 1193 850 1262 licles,

242 1322 249 1326 “
353 1310 557 1374 Hunc
582 1305 883 1398 'priorem
918 1303 1279 1396 aequoln’st
1315 1329 1419 1372 me
1458 1303 1748 1372 habere:
1783 1293 2014 1373 tunica
2055 1307 2338 1400 propior
2375 1308 2519 1401 pal-

647 1413 739 1481 lio
784 1428 905 1481 est.
1806 1441 1828 1472 N
2459 1443 2514 1480 3⁶

350 1549 632 1596 CHARM.
674 1528 859 1594 Deos
901 1520 1054 1590 volo
1096 1522 1373 1593 consilia
1410 1537 1635 1591 vostra
1681 1538 1859 1592 recte
1899 1537 2183 1594 vortere.

350 1633 593 1703 Filiam
612 1656 829 1700 ineam
846 1632 968 1700 tibi
982 1632 1447 1724 desponsatam
1464 1658 1603 1701 esse
1624 1633 1848 1701 audio.
1877 1657 2024 1704 LYs.
2045 1636 2193 1705 Nisi
2213 1653 2284 1706 tu
2303 1641 2492 1710 nevis
2505 1697 2519 1710 .

352 1769 632 1818 CHARM.
661 1749 809 1814 Imo
837 1744 1017 1812 haud
1048 1743 1226 1812 nolo.
1265 1765 1408 1814 ms,
1430 1741 1771 1838 Sponden’
1807 1769 1977 1838 ergo·
2003 1761 2192 1814 tuam
2232 1766 2531 1844 gnatam¹

652 1875 928 1922 uxorem
966 1853 1176 1922 mihi?

349 1989 647 2037 CHARM.
688 1963 1048 2058 Spondeo,
1104 1979 1169 2032 et
1216 1961 1399 2031 mille
1454 1964 1602 2031 auri
1661 1962 2048 2059 philippum
2098 1965 2294 2037 dotis.
2341 1991 2502 2040 mrs.

645 2078 889 2144 Dotem
936 2073 1109 2142 nihil
1146 2096 1394 2142 moror.

346 2209 491 2256 cna
503 2208 627 2256 lm.
657 2186 727 2254 Si
755 2183 867 2253 illa
890 2185 1013 2254 tibi
1037 2183 1291 2279 placet,
1329 2183 1648 2278 placenda
1686 2184 1804 2252 dos
1831 2208 2104 2278 quoque
2131 2203 2268 2276 est,
2297 2211 2501 2282 quam

642 2295 935 2364 davtibi.
2444 2317 2496 2356 35

346 2411 728 2488 Postrem0‚
765 2405 949 2498 quod
989 2405 1118 2488 viS‚
1155 2428 1293 2472 non
1323 2402 1525 2472 duces
1551 2457 1568 2488 ‚
1599 2404 1731 2472 nisi
1765 2402 1935 2471 illud
1974 2405 2158 2498 quod
2196 2431 2332 2475 non
2364 2410 2498 2498 viS‚

656 2515 845 2582 fereS.

437 2741 529 2789 ²9·
552 2719 737 2773 Salutis
764 2720 941 2789 dignus
957 2717 983 2758 τ’
1021 2719 1102 2772 Ita
1130 2717 1339 2772 Nonius
1357 2760 1371 2782 ,

343 2803 529 2871 aitque
569 2800 972 2871 metaplasmum
1012 2816 1191 2850 casum
1229 2817 1367 2862 esse:

1460 2713 1720 2787 loquendi
1750 2716 1957 2768 ratione
1989 2729 2234 2772 utuntur.
2266 2719 2497 2774 Theocr.

1461 2797 1517 2848 in
1545 2795 1705 2866 Idyll.
1733 2795 1885 2861 XVI,
1921 2799 1990 2849 18
2017 2814 2029 2848 :
2056 2798 2294 2869 ἀπωτέρω
2322 2799 2355 2856 ἢ
2385 2791 2501 2870 γόνυ
2570 2806 2576 2814 ’

345 2894 402 2934 at
446 2881 641 2932 rectius
682 2881 733 2932 J.
781 2879 905 2932 Gul.
948 2877 1367 2930 hellenismum:

347 2960 482 3024 ἄξιος
510 2963 667 3030 χαρᾶς
690 2999 704 3023 ,
720 2965 885 3030 τιμῆς,
917 2957 1123 3028 ὑγιείας.
1143 2959 1224 3010 Ita
1242 2959 1371 3010 Vir-

344 3040 538 3110 gilius:
568 3067 590 3086 ι
618 3039 870 3110 indignus
893 3057 1117 3090 avorum
1141 3063 1187 3090 n.
1206 3037 1369 3091 Ovid.

342 3119 416 3172 de
438 3121 601 3182 Arte,
629 3121 711 3170 ΙΙΙ
734 3138 746 3172 :
780 3144 803 3166 ι
827 3119 987 3172 Curia
1018 3117 1225 3172 consilii
1254 3137 1370 3190 quae

342 3215 493 3252 nunc
538 3197 845 3270 dignissima
890 3195 1027 3250 tanti
1053 3218 1101 3248 a.
1148 3194 1367 3252 Sueton.

346 3279 607 3332 Othone:
664 3293 755 3332 «et
796 3277 1143 3349 praedicaret,
1198 3279 1369 3330 solum

346 3358 693 3412 successionis
762 3357 979 3430 imperii
1046 3353 1266 3427 dignum
1320 3384 1367 3410 n.

344 3440 570 3492 Tuum.

435 3519 521 3570 30.
546 3517 731 3568 Tunica
742 3517 899 3587 pallio
911 3518 1127 3586 propior.
1151 3515 1371 3568 Prover-

341 3598 501 3650 bium
545 3614 653 3666 quo
696 3596 1027 3668 significatur
1072 3613 1139 3648 ex
1189 3595 1371 3648 amicis

341 3695 445 3730 nos
474 3676 587 3730 aliis
614 3689 772 3746 atque
802 3675 919 3728 aliis
944 3673 1109 3744 magis
1142 3692 1250 3726 esse
1277 3673 1371 3726 de-

342 3758 584 3820 vinctos,
610 3775 787 3826 neque
814 3773 996 3826 parem
1018 3753 1259 3806 omnium
1279 3753 1374 3804 ha·

342 3835 573 3890 bendani
591 3836 871 3887 rationem.
888 3834 1115 3886 Pallium
1132 3845 1370 3886 extrema

342 3915 505 3968 vestis
532 3913 675 3985 apud
706 3911 953 3978 Graecos,
981 3925 1043 3965 ut
1074 3925 1194 3982 toga
1222 3911 1368 3984 apud

342 3997 507 4049 Rom.
526 4007 581 4046 et
602 3991 842 4047 tunicam
872 3991 1110 4064 tegebat:
1139 3991 1387 4062 ideoque'

342 4073 564 4145 corpori
596 4071 823 4144 propior
858 4074 1036 4126 tunica
1067 4089 1226 4143 qnam
1254 4072 1367 4142 pnl-

338 4154 491 4207 lium.
534 4155 687 4206 Pms.
712 4183 789 4196 ω-
818 4153 996 4208 Graeci
1024 4154 1181 4206 etlam
1208 4150 1369 4204 simili

1461 2876 1659 2946 κνήμα,
1691 2877 1986 2928 «remotior
2028 2885 2111 2928 'est
2159 2877 2288 2932 tibia
2336 2897 2500 2950 quam

1462 2973 1602 3026 genu
1625 2978 1673 3006 a.
1702 2955 1892 3008 Cicero
1921 2957 2080 3008 etiam
2113 2956 2216 3010 hac
2240 2977 2366 3012 usus
2395 2973 2491 3026 est,

1461 3036 1649 3088 Famil.
1667 3034 1823 3101 XVI,
1843 3057 1869 3090 τι
1882 3037 1936 3102 3,
1956 3038 2070 3106 γόνυ
2085 3037 2294 3108 κνήμης,
2315 3065 2336 3086 ι
2353 3058 2495 3110 genu
2596 3073 2600 3076 ·

1460 3116 1592 3168 tibia
1648 3116 1875 3184 propius
1940 3129 2019 3168 est
2050 3141 2099 3170 n.
2166 3118 2497 3174 subauditur

1462 3195 1606 3248 enim
1645 3197 1825 3265 ἔγγιον.
1867 3194 2030 3260 Quod
2067 3187 2334 3266 inte'grum
2363 3201 2500 3254 reci·
2522 3258 2533 3272 ι

1462 3289 1542 3327 tat
1568 3275 1843 3326 Aristotel.
1872 3275 2066 3328 Moral.
2087 3277 2187 3362 lib.
2212 3278 2334 3330 ΙΧ·
2379 3283 2494 3350 γόνυ

1460 3358 1648 3426 κνήμης
1677 3356 1856 3424 ἔγγιον.
1897 3353 2113 3408 Gnon.*

1545 3435 1638 3488 33.
1661 3431 1925 3504 Sponden.
1949 3435 2069 3488 Aul.
2093 3435 2179 3499 II,
2215 3455 2285 3500 π,
2319 3439 2409 3506 78.

1546 3515 1639 3578 34.
1697 3514 1840 3566 Malle
1884 3519 1996 3566 auri
2032 3515 2305 3585 philippum
2348 3518 2494 3572 dotis.

1460 3593 1590 3646 'Vid.
1622 3594 1764 3646 PerS.
1795 3596 1886 3658 11,
1920 3615 1970 3648 1.

1543 3674 1638 3728 35.
1661 3673 1925 3726 Placenda.
1956 3673 2095 3724 Mira
2123 3673 2352 3727 locutio:
2374 3678 2492 3746 pla-

1460 3753 1611 3804 aenda
1652 3771 1682 3805 a
1717 3754 1934 3823 placeo:
1985 3752 2133 3823 quasi
2175 3754 2334 3805 etiam
2377 3755 2487 3810 dici

1458 3845 1663 3904 posset,
1704 3835 1904 3886 standus
1916 3872 1930 3894 ,
1976 3831 2214 3884 sedendus
2227 3873 2244 3898 ‚
2294 3851 2496 3906 surgen-

1460 3913 1584 3974 dus;
1681 3923 1788 3975 sto,
1831 3914 1997 3971 sedeo,
2043 3931 2221 3980 surgo,
2267 3927 2366 3967 ete.
2408 3917 2498 3970 De

1461 4012 1570 4063 quo
1593 3991 1848 4046 Priscian.
1871 3993 1968 4044 lib.
1996 3991 2150 4046 VIII.
2179 3991 2495 4052 Enna—*Sic

1461 4070 1626 4142 Epid.
1652 4073 1712 4138 Ι,
1753 4089 1800 4131 1,
1837 4091 1908 4144 70
1938 4090 1951 4125 ε
1998 4097 2022 4119 ι
2043 4071 2242 4144 puppis
2271 4094 2498 4146 pereun-

1462 4151 1529 4204 da
1557 4177 1579 4198 υ
1595 4192 1606 4205 .
1633 4151 1700 4202 N.
