3067 5017
630 435 777 524 aaa

1302 428 2122 513 TRUGULENTUS,

636 559 982 658 Inpudens
1021 582 1141 651 per
1180 552 1542 625 ridiculum
1575 568 1650 622 ut
1685 553 1935 622 rustico
1969 551 2205 620 suadet
2237 546 2584 642 stuprum!

639 695 788 742 ΛΒΤ.
830 672 1007 739 Iram
1048 666 1207 735 dixi.
1266 679 1515 736 STRAT.
1585 665 1686 734 Ut
1719 688 1859 732 esse
1901 662 2203 756 coepisti,
2260 660 2315 729 si
2349 658 2540 746 dem,
2588 659 2644 727 si
2700 673 2805 726 est

931 803 1068 848 una
1106 774 1333 846 altera.

530 920 535 929 ·
637 915 785 962 Asr.
827 889 1049 960 Nimis
1079 886 1191 955 hic
1219 883 1489 980 quidem
1525 881 1976 952 truculentus.
2017 859 2264 953 s‘rn‘Ar.
2323 877 2590 974 Pergin’
2629 877 2810 949 male

940 997 1125 1092 loqui
1144 1048 1163 1083 ‚
1202 993 1467 1081 mulier,
1504 994 1675 1063 mihi
1698 994 1728 1063 Ρ

644 1135 785 1182 ΑεΤ.
834 1106 1022 1198 Quid
1074 1105 1199 1176 tibi
1236 1129 1363 1200 ego
1414 1116 1640 1174 autem
1691 1103 1894 1174 dico?
1936 1127 2185 1174 srnx‘r.
2231 1105 2412 1193 Quia
2457 1106 2638 1176 enim
2693 1129 2806 1174 me

936 1217 1396 1290 truculentum
1433 1215 1763 1284 nominaS.
1829 1281 1836 1286 .

645 1333 845 1402 Nunc
877 1330 1045 1400 adeo
1061 1381 1081 1416 ,
1106 1329 1235 1396 nisi
1266 1325 1413 1396 abis
1438 1339 1742 1395 actutum
1763 1379 1784 1412 ‚
1805 1349 1883 1392 ac
1908 1323 2071 1394 dicis
2091 1377 2110 1411 ,
2131 1324 2296 1418 quid
2321 1350 2580 1420 quaeras
2596 1380 2614 1413 ‚
2645 1327 2806 1410 cito,

646 1443 831 1528 lam,
884 1436 1143 1524 hercle,
1208 1461 1334 1530 ego
1392 1435 1543 1504 heic
1599 1450 1703 1520 te,
1762 1432 2046 1522 mulier,
2108 1437 2300 1529 quasi
2350 1461 2462 1505 sus
2505 1435 2804 1523 catu103‚

941 1548 1229 1643 pedibus
1266 1560 1630 1640 proteram.

650 1685 801 1732 ΛΒΤ.
839 1662 983 1727 Rus
1015 1681 1273 1725 merum
1306 1656 1435 1723 hoc
1470 1653 1744 1748 quidem
1760 1653 1859 1723 ’st.
1903 1677 2144 1724 sTnA'r.
2178 1653 2704 1725 Pudendumne?
2730 1669 2806 1724 tu

945 1791 1104 1836 vero
1142 1764 1483 1834 clurinum
1528 1789 1764 1857 pecuS‚
1822 1801 1830 1806 -

660 1887 771 1952 An
800 1878 1043 1948 venisti
1078 1877 1213 1944 huc
1249 1888 1318 1944 te
1355 1888 1766 1943 ostentatum
1798 1898 1954 1942 cum
1990 1874 2330 1942 exornatis
2363 1873 2666 1943 ossibus?
2761 1893 2814 1933 ὠ

662 1990 844 2078 Quia
880 1987 1007 2056 tibi
1050 1986 1325 2053 insuaso
1358 1982 1678 2070 infecisti,
1716 1980 2160 2077 propudiosa,
2199 1981 2540 2078 pallulam.

745 2180 801 2232 8.
840 2174 1105 2245 Inpudem.
1146 2171 1379 2250 Vulgatn
1420 2171 1694 2241 Inprudens

662 2277 774 2311 non
801 2255 926 2309 satis
954 2252 1303 2326 liquet.—-Ut
1333 2271 1375 2302 r.
1410 2250 1525 2304 scil.
1566 2268 1696 2303 tam·

664 2355 827 2410 qnam
849 2335 1033 2406 ignaro
1054 2345 1109 2386 et
1129 2328 1485 2384 stolidoNid.
1504 2348 1583 2382 vs.
1605 2348 1627 2382 ι
1642 2337 1694 2393 4.

748 2435 803 2486 9.
832 2417 966 2468 Iram
998 2412 1287 2481 dixi..Sup.
1320 2413 1373 2464 6.
1398 2439 1478 2452 —-
1505 2411 1576 2463 Ut
1599 2429 1699 2461 esse

666 2499 867 2568 coepc’sti'.
911 2494 1087 2546 Locus
1126 2489 1273 2544 haud
1316 2488 1481 2544 dubie
1519 2507 1700 2542 corru-

668 2590 824 2648 ptus,
874 2590 1037 2644 quem
1084 2571 1160 2625 sic
1216 2581 1349 2640 puto
1407 2567 1698 2622 emendan-

668 2657 836 2710 dum:
868 2681 891 2702 ι
908 2665 973 2705 ut
999 2669 1112 2705 esse
1138 2649 1375 2720 coepisti,
1412 2647 1547 2720 quid
1574 2648 1696 2701 dem

666 2738 709 2790 si
736 2755 842 2790 una
874 2745 955 2788 est
979 2730 1183 2786 altera?
1206 2754 1228 2776 ι
1263 2728 1323 2782 id
1344 2742 1453 2794 est,
1487 2727 1702 2799 quidvis

668 2816 797 2870 dare
814 2825 1029 2886 paratus
1052 2829 1169 2863 sum
1188 2847 1207 2876 ‚
1238 2807 1281 2862 si
1310 2820 1390 2862 est
1411 2827 1517 2862 una
1538 2808 1703 2860 altera

672 2895 774 2949 tibi
813 2893 1024 2958 similis,
1062 2901 1123 2943 ut
1168 2891 1275 2960 iam
1324 2906 1433 2941 esse
1479 2887 1699 2959 coepisti.

674 2977 855 3031 Suu.
882 3001 964 3014 --
1013 2970 1084 3022 [Jt
1124 2971 1451 3039 esse'coepisti
1494 2971 1540 3020 si
1577 2967 1700 3020 dem.

675 3053 935 3118 Codices,
974 3050 1128 3112 alter,
1176 3074 1200 3096 ι
1227 3046 1500 3120 cepsidem
1528 3047 1700 3100 sistun

671 3137 897 3189 alterum
925 3157 948 3180 ι
975 3151 992 3197 3
1033 3129 1187 3194 alter,
1208 3150 1231 3172 κ
1248 3126 1411 3182 fidem
1427 3129 1470 3180 si
1496 3140 1576 3180 est
1597 3145 1704 3182 una

674 3216 840 3268 altera
860 3229 922 3262 n:
965 3221 1027 3263 ut
1058 3205 1307 3278 prodidit
1347 3207 1564 3262 Parcus.
1601 3207 1704 3260 Le-

676 3314 745 3366 go
770 3311 785 3346 ε
844 3317 864 3338 ι
890 3291 967 3342 Ut
990 3308 1071 3354 es,
1100 3287 1293 3358 pignus
1322 3285 1447 3342 dem
1466 3324 1485 3353 ,
1524 3286 1572 3340 si
1600 3298 1708 3352 est,

672 3391 779 3428 una
808 3371 973 3424 altera
997 3393 1049 3422 ι.
1078 3367 1263 3420 Gnon.

760 3471 783 3506 1
797 3457 850 3514 4.
865 3450 1115 3502 Clurinum
1130 3467 1293 3518 pecus.
1315 3446 1570 3500 clurinum
1585 3464 1710 3514 pro-

670 3537 779 3598 bo,
828 3546 996 3601 quum
1037 3529 1109 3582 ita
1144 3529 1215 3580 sit
1245 3526 1304 3580 in
1342 3537 1467 3580 vett.
1497 3523 1623 3578 edd.
1653 3537 1708 3578 et

671 3608 952 3667 Arnobius
968 3607 1265 3678 usurparit:
1290 3617 1451 3675 atque
1467 3604 1527 3656 in
1549 3605 1704 3660 Glos-

671 3691 815 3748 sario
865 3689 1092 3758 legatur,
1139 3687 1321 3750 Clara,
1369 3685 1602 3746 πίθηκος·
1649 3696 1706 3737 et

671 3771 899 3826 dubium
934 3786 1047 3820 non
1083 3765 1183 3831 sit,
1221 3766 1353 3837 quin
1385 3777 1592 3818 veteres
1627 3763 1706 3818 ita

671 3849 991 3913 extulerint,
1028 3858 1091 3898 ut
1131 3846 1305 3902 cordus
1342 3864 1445 3917 pro
1486 3844 1669 3897 condus
1685 3863 1706 3897 .-

669 3937 885 3984 eanimen
908 3945 1012 3997 pro
1040 3944 1285 3980 carmen:
1306 3927 1555 3994 genimen,
1585 3942 1708 3995 ger·

668 4030 792 4064 men
816 4026 832 4062 ε
857 4025 1039 4078 gnoma
1060 4046 1075 4069 ,
1107 4024 1293 4078 groim
1321 4023 1336 4057 z
1356 4005 1694 4076 pra-cidanea,

667 4087 983 4161 proecidaria
1017 4107 1031 4136 ε
1064 4087 1373 4156 proletaneus
1392 4124 1408 4153 ,
1462 4085 1702 4156 proleta-

668 4172 779 4224 rius
826 4188 840 4220 ε
880 4167 1193 4231 architector,
1234 4166 1574 4222 architectus.
1618 4166 1700 4218 Ita

1782 2184 1964 2226 autem
1996 2172 2310 2243 Astaphium
2347 2173 2596 2228 Stratihx
2626 2175 2814 2246 appel·

1783 2252 1888 2316 lat,
1919 2249 2314 2304 deformitatem
2355 2253 2406 2306 ei
2442 2259 2812 2324 exprobrans:

1783 2348 1908 2382 nam
1939 2331 2186 2385 homines
2229 2330 2498 2386 deformes
2531 2337 2683 2386 simite
2715 2355 2816 2406 per

1783 2409 2080 2463 convitium
2129 2409 2433 2465 audiebant.
2484 2413 2701 2467 Mimas.
2733 2446 2816 2456 —-

1784 2489 1987 2544 Glossae
2023 2491 2200 2562 Papia
2228 2510 2244 2542 ε
2281 2517 2304 2540 ι
2327 2493 2490 2546 ctum
2529 2495 2614 2548 vel
2651 2495 2817 2548 cluri-

1784 2588 1920 2621 num
1950 2571 2106 2624 simia
2131 2568 2330 2624 dicitur
2351 2597 2402 2625 ι.
2427 2572 2586 2626 Haud
2620 2572 2816 2634 dubie.

1783 2661 1844 2701 ut
1865 2666 2004 2719 soepe
2024 2651 2182 2716 alibi,
2206 2642 2443 2723 respexit
2463 2653 2610 2706 hunc
2640 2653 2818 2707 Plauti

1783 2729 1983 2782 locum.
2007 2731 2178 2784 Boxu.

1829 2801 1836 2808 ’
1875 2808 1966 2862 15.
1999 2809 2089 2862 Ah
2112 2813 2295 2864 venisti
2315 2811 2409 2863 lucc
2435 2825 2481 2863 te
2507 2824 2816 2865 ostentatum.

1786 2889 1914 2940 Haec
1961 2901 2177 2943 auctore
2223 2889 2480 2945 Salmasio
2525 2911 2626 2964 pro
2670 2892 2818 2964 vulg.

1796 2994 1819 3015 ι
1836 2966 2116 3024 Advenisti
2143 2969 2254 3024 huc
2283 2971 2615 3026 sistentatum
2638 2996 2688 3022 ι.
2715 2971 2820 3025 Fe·

1787 3049 1864 3102 lix
1887 3065 2107 3120 quoque
2133 3049 2314 3104 Bothii
2334 3051 2640 3122 ingenium:
2672 3077 2695 3098 ι
2715 3049 2823 3104 Ad-

1788 3128 1913 3181 veni
1957 3129 2094 3184 istuc
2107 3167 2138 3205 ⁹.
2177 3130 2282 3195 sis,
2324 3143 2586 3185 tentatum
2611 3156 2634 3178 ι
2660 3170 2676 3195 ,
2714 3130 2824 3184 nisi

1789 3210 1911 3259 istuc
1968 3227 2162 3280 parum
2228 3210 2516 3285 commode
2583 3210 2824 3276 dicatur,

1791 3303 1960 3359 quum
1981 3289 2073 3346 ine
2095 3308 2244 3343 suam
2259 3329 2276 3355 ,
2313 3309 2425 3344 non
2450 3290 2690 3344 mulieris
2720 3289 2824 3344 do-

1786 3381 1943 3421 mum
1969 3382 2263 3422 monstrare
2282 3369 2428 3423 velit.
2455 3370 2525 3423 N.
2651 3377 2658 3386 “

1879 3449 1971 3502 16.
2005 3451 2228 3502 lmuaso.
2254 3450 2442 3503 Festus
2470 3466 2487 3502 ε
2523 3475 2546 3498 ι
2569 3449 2824 3515 suasum,

1791 3527 1938 3580 colos
1959 3529 2274 3602 appellatur,
2305 3529 2402 3602 qui
2429 3529 2492 3582 fit
2525 3548 2590 3582 ex
2617 3529 2828 3583 stillici-

1791 3604 1888 3661 dio
1935 3607 2148 3664 fumoso
2196 3609 2256 3662 in
2304 3610 2624 3664 vestimento
2678 3610 2830 3663 albo.

1792 3687 2011 3740 Plautus
2029 3709 2044 3740 ε
2081 3689 2222 3754 Quia
2249 3689 2351 3742 tihi
2373 3708 2552 3752 suaso,
2569 3701 2672 3743 etc.
2694 3689 2833 3754 Qni-

1795 3764 1920 3820 dam
1962 3781 2142 3822 autem
2184 3769 2399 3840 legunt,
2439 3771 2648 3822 insunso
2676 3789 2690 3820 τ
2723 3788 2833 3824 nec

1794 3843 2018 3914 desunt,
2057 3848 2152 3919 qui
2177 3847 2384 3907 dicant,
2421 3867 2638 3902 omnem
2675 3849 2834 3902 colo-

1794 3944 1938 3991 rem,
1987 3928 2084 4000 qui
2123 3927 2219 3983 flat
2257 3927 2548 3983 inficiendo
2567 3967 2583 3994 ,
2610 3946 2832 3981 suasum

1789 4007 1971 4059 vocari
1993 4026 2008 4060 τ
2039 4006 2190 4079 quod
2215 4009 2369 4080 quasi
2391 4006 2740 4078 persuadetur
2767 4009 2832 4061 iu

1790 4085 1952 4139 alium
1967 4105 2035 4140 ex
2047 4088 2169 4141 albo
2187 4084 2342 4159 (quid
2356 4088 2460 4139 alio
2469 4086 2520 4149 ι’)
2535 4087 2758 4140 transire
2777 4113 2803 4135 ι
2817 4127 2834 4139 .

1789 4165 1966 4220 Etiam
2008 4185 2110 4238 ego
2143 4185 2336 4221 censeo
2365 4169 2561 4220 insuam
2587 4168 2836 4220 retinen-
