3067 5017
850 391 1201 461 ACTUS
1250 393 1413 477 ΙΙΙ,

344 519 505 586 Non
538 529 787 582 temere
822 512 1049 582 dicant
1095 529 1159 583 te
1199 515 1571 609 benignum
1619 516 1902 610 virgini,
1977 555 1984 564 ·

2067 329 2097 338 ᾳ

1466 396 1808 479 scENA
1858 359 2004 462 111'.
2365 395 2498 478 [με

344 628 593 694 Datam
638 623 763 692 tibi
801 623 1027 692 dotem
1051 677 1071 708 ,
1102 626 1166 694 ei
1208 626 1638 720 quamldares
1661 681 1680 713 ,
1713 627 1856 719 ejus
1898 651 1937 694 a
1973 641 2208 720 patre3

344 739 449 806 Ex
484 759 561 804 ea
599 734 901 828 largitari
939 750 1003 803 te
1039 734 1173 822 illi;
1218 762 1439 831 neque
1479 739 1602 823 ita,
1647 752 1723 818 ut
1757 737 1845 806 sit
1887 736 2042 806 data
2072 792 2091 824 ‚
2133 740 2239 806 in·-

294 893 301 902 ·
348 842 699 915 columem
739 845 805 914 te
842 845 1071 914 sistere
1109 845 1241 933 illi,
1280 862 1351 917 et
1372 847 1658 924 ,detraxe
1686 863 2058 938 autument.
2455 867 2504 907 1⁵

346 957 551 1024 Nunc
582 955 641 1023 si
678 955 975 1049 obperiri
1023 956 1121 1024 vis
1164 955 1532 1026 adventum
1575 956 1992 1044 CharmidiS,

345 1064 849 1159 Perlongum’st
888 1091 903 1132 ε
948 1065 1111 1134 huie
1158 1065 1431 1134 ducenti
1468 1067 1722 1136 interea
1764 1065 2172 1136 abscesserit.

344 1198 547 1244 CALL.
571 1177 771 1261 Nam,
806 1173 1031 1244 hercle
1051 1230 1070 1262 ,
1100 1176 1329 1244 omnia
1365 1177 1544 1246 istaec
1578 1179 1860 1245 veniunt
1891 1177 1960 1244 in
1990 1188 2278 1244 mentem
2307 1175 2498 1246 mihi.

344 1309 526 1354 MEG.
570 1284 743 1354 Vide
772 1287 824 1354 si
863 1286 993 1354 hoc
1022 1286 1259 1355 utibile
1298 1287 1509 1380 magis
1549 1302 1751 1381 atque
1789 1289 1858 1355 in
1898 1311 2036 1356 rem
2081 1285 2393 1380 deputas,

345 1397 447 1464 Ut
478 1394 711 1464 adeam
752 1395 1235 1482 Lesbonicum,
1274 1395 1588 1466 edoceam
1627 1412 1703 1465 ut
1741 1423 1844 1466 res
1881 1423 1952 1464 se
1987 1396 2210 1464 habet.
2450 1424 2500 1450 ιο

345 1526 543 1575 CAH..
582 1509 680 1576 Ut
717 1531 842 1601 ego
884 1531 1069 1576 nunc
1106 1506 1514 1576 adulescenti
1555 1508 1946 1577 thesaurum
1991 1505 2280 1574 indicem

341 1616 722 1704 Indomito,
774 1615 975 1711 pleno
1012 1619 1259 1686 amoris
1294 1643 1373 1687 ac
1411 1617 1746 1687 lasciviae?

344 1727 686 1810 Minume,
728 1727 1062 1814 minume,
1102 1727 1359 1817 hercle,
1398 1725 1596 1798 vero!
1641 1753 1796 1796 nam
1839 1742 2024 1796 certo
2059 1726 2199 1796 scio
2291 1778 2298 1787 .

343 1839 602 1905 Locum
648 1862 913 1930 quoque
953 1837 1136 1908 illum
1180 1863 1483 1924 omnem,
1522 1839 1640 1908 ubi
1681 1837 1932 1924 situ’st,
1969 1837 2368 1906 comederit:

342 1948 571 2035 Quem
608 1947 838 2017 fodere
878 1963 1141 2034 metuo,
1176 1949 1471 2018 sonitum
1521 1976 1604 2017 ne
1646 1949 1758 2018 ille
1799 1948 2138 2032 exaudiat,
2449 1963 2498 2002 2⁵

343 2059 503 2126 Neu
546 2057 759 2150 ipsam
806 2082 947 2126 rem
986 2057 1291 2152 indaget,
1338 2059 1562 2128 dotem
1611 2059 1768 2128 dare
1803 2060 1858 2126 si
1902 2058 2204 2126 dixerim.

346 2189 527 2236 MEG.
578 2169 739 2256 Quo
778 2183 973 2260 pacto
1022 2193 1183 2263 ergo
1218 2169 1471 2262 igitur?
1518 2193 1719 2240 CALL.
1769 2168 1960 2240 Clam
1995 2151 2124 2238 'dos
2183 2164 2490 2260 depromi

644 2292 859 2370 potest
876 2304 895 2362 3

344 2391 530 2456 Dum
570 2388 839 2458 obcasio
873 2391 933 2458 ei
972 2391 1068 2458 rei
1108 2393 1511 2484 reperiatur,
1543 2390 1812 2458 interim

343 2499 449 2568 Ab
490 2501 706 2567 amico
745 2498 1054 2568 alicunde
1090 2518 1440 2596 argentum
1480 2526 1692 2594 roges·
1729 2533 1734 2536 ·

432 2661 523 2696 ιι.
548 2643 666 2696 Non
692 2655 881 2706 temere,
916 2653 1027 2696 n‘on
1056 2644 1170 2697 sine
1198 2665 1373 2700 causa„

345 2723 467 2776 Hoc
490 2725 653 2792 junge
685 2742 807 2776 cum
838 2725 1109 2794 benignum.

432 2803 524 2864 15,
554 2805 833 2856 Autument.
856 2805 1058 2874 Amph.
1087 2805 1136 2868 I,
1166 2823 1217 2868 1,
1249 2805 1372 2858 150.

434 2901 523 2952 17.
593 2884 806 2934 Duo-enti
862 2883 1159 2936 abscesserit.
1216 2886 1377 2936 Recte

344 2961 567 3034 quidem
592 2963 705 3014 baec
734 2964 918 3016 mutila
946 2983 1057 3017 esse
1085 2964 1379 3016 Lambinus

344 3041 519 3096 vidit:
561 3041 651 3094 sed
689 3043 855 3113 ipsius
889 3044 1263 3114 interpretatio
1298 3045 1379 3095 lo-

344 3139 471 3174 cum
499 3122 589 3174 hic
610 3123 816 3174 nullum
844 3123 1019 3175 habet.
1058 3125 1194 3175 Nam
1224 3124 1377 3196 Lysi-

346 3202 477 3259 teles
504 3221 618 3253 eam
652 3202 752 3254 sibi
781 3205 889 3272 jam
930 3205 1045 3254 sine
1077 3201 1209 3255 dote
1228 3203 1378 3255 omni

344 3280 703 3351 desponderat
742 3302 754 3333 ε
800 3300 899 3334 nec
934 3281 1119 3335 audire
1152 3281 1219 3334 de
1252 3282 1379 3335 dote

342 3360 635 3432 quidquam
647 3361 1199 3432 ·volebat.Legendum
1216 3375 1375 3432 puto:

353 3467 377 3488 ι
400 3441 525 3494 huic
539 3440 751 3493 ducenti
774 3443 973 3493 interea
994 3443 1299 3494 abscesserit
1320 3469 1341 3490 a
1361 3462 1373 3494 :

345 3519 406 3573 id
434 3533 514 3573 est
532 3560 549 3586 ‚
592 3517 690 3573 dos
716 3519 962 3573 abscedet
994 3521 1193 3574 interea
1225 3523 1380 3591 Lysi-

346 3600 438 3652 teli
465 3601 700 3670 puellam
735 3600 950 3652 ducenti
974 3621 987 3651 2
1014 3619 1137 3652 nam
1172 3600 1378 3654 dixerat

344 3693 469 3732 ante
490 3679 861 3749 Megaronides
881 3699 893 3731 :
914 3682 955 3732 si
984 3681 1173 3750 virgini
1196 3681 1373 3732 dotem

345 3757 561 3812 dederis
584 3779 645 3811 ex
672 3759 895 3830 pecunia
912 3799 926 3824 ,
954 3779 1115 3831 quam
1152 3761 1251 3812 tibi
1284 3780 1377 3832 pa-

346 3851 428 3890 ter
473 3841 585 3908 ejus
628 3839 762 3890 clam
797 3839 1161 3904 concredidit,
1198 3839 1379 3892 dicent

346 3937 539 3970 omnes
562 3938 576 3970 :
608 3945 631 3966 α
656 3921 844 3971 Datam
876 3920 973 3970 tihi
1002 3919 1207 3982 dotem,
1230 3933 1327 3972 etc.
1348 3946 1371 3967 a

347 3997 676 4068 subjungit:
722 4023 744 4045 ι
774 3998 931 4051 Nune
968 3999 1011 4050 si
1052 4000 1256 4068 operiri
1298 4000 1377 4051 vis

342 4076 633 4130 adventum
680 4077 1013 4142 Charmidis,
1056 4078 1376 4150 perlongum

346 4169 452 4222 est3
490 4157 616 4210 huic
635 4156 857 4212 ducenti
880 4158 1081 4211 interea
1116 4159 1375 4212 abscesse-

1458 2645 1529 2698 rit
1555 2671 1576 2692 υ
1595 2684 1606 2696 .
1621 2641 1788 2696 Vides
1809 2642 1988 2712 itaque
2009 2640 2078 2694 ad
2097 2639 2280 2694 dotem
2304 2640 2494 2694 referri

1460 2724 1680 2778 debere.
1728 2721 1959 2775 Proinde
2005 2741 2090 2774 ac.
2118 2721 2161 2773 si
2205 2719 2348 2774 dicat
2373 2738 2388 2772 z
2433 2721 2493 2774 Si

1459 2805 1663 2874 operiri
1692 2804 1836 2854 voles
1864 2802 2142 2880 tantisper,
2163 2799 2294 2853 dum
2317 2801 2493 2854 veniat

1462 2882 1800 2944 Charmides,
1825 2881 1913 2935 hic
1940 2882 2140 2934 interea
2166 2881 2312 2933 illam
2334 2878 2492 2932 indo-

1460 2976 1622 3016 tatam
1694 2961 1926 3014 duxerit.
1983 2962 2086 3014 vel
2153 2959 2438 3031 legendum
2467 2977 2482 3012 ε

1465 3071 1486 3092 ι
1504 3045 1629 3095 hinc
1649 3041 1890 3095 ducenda
1913 3043 2112 3094 interea
2129 3040 2467 3093 abscesserit·
2479 3077 2494 3092 .

1455 3125 1670 3200 ⁸Interea
1713 3121 1840 3174 dum
1890 3135 1948 3174 tu
1993 3121 2280 3173 adveutum
2328 3119 2492 3190 patris

1462 3203 1786 3273 praestolaris
1799 3241 1814 3263 ,
1835 3202 1947 3265 illa,
1965 3219 2122 3271 quam
2141 3199 2338 3252 ducere
2365 3199 2496 3264 vult,

1462 3284 1592 3334 hinc
1615 3301 1680 3334 ex
1703 3281 1906 3334 aedibus
1931 3282 2034 3332 tuis
2058 3281 2113 3331 in
2141 3277 2364 3332 domum
2390 3293 2494 3330 ma·

1462 3362 1552 3414 riti
1575 3362 1760 3413 abibit.
1789 3359 2232 3414 Suom—Verbi
2257 3359 2498 3410 abscesse-

1464 3445 1533 3492 rit
1553 3460 1775 3511 persona
1803 3454 1880 3492 est
1901 3443 2066 3510 virgo.
2092 3440 2135 3490 Ι.
2158 3459 2204 3490 e.
2229 3441 2379 3508 virgo
2405 3457 2496 3508 pa·

1464 3534 1614 3574 terna
1642 3520 1808 3572 domo
1836 3520 2024 3580 abierit
2049 3520 2194 3570 hunc
2220 3531 2415 3572 secuta.

1551 3619 1638 3653 πο.
1692 3601 1762 3652 Ut
1791 3601 1958 3651 adeam
1997 3599 2307 3651 Lesbonicum
2326 3636 2341 3659 ,
2379 3597 2494 3648 edo-

1464 3701 1621 3742 ceam,
1663 3693 1764 3733 etc.
1797 3683 1936 3732 Vera
1975 3693 2053 3731 est
2095 3679 2254 3730 lectio
2300 3679 2448 3728 adeas
2473 3696 2494 3729 .·

1462 3780 1586 3812 nam
1638 3761 1918 3812 consilium
1969 3755 2326 3826 Megaronidae
2387 3769 2494 3819 esst,

1462 3859 1572 3892 non
1607 3853 1662 3892 ut
1689 3841 1830 3908 ipse,
1862 3837 1952 3891 sed
1989 3838 2232 3891 Callicles
2260 3836 2412 3890 adeat
2437 3849 2490 3889 et

1464 3919 1682 3972 edoceat
1727 3917 2150 3980 adolescentem3
2201 3917 2306 3984 ipsi
2349 3917 2494 3968 enim

1463 4018 1590 4050 cum
1625 3999 1720 4050 illo
1745 3998 1880 4049 nihil
1916 3999 2009 4050 rei.
2031 3998 2096 4049 Et
2129 3996 2254 4048 huic
2283 3997 2354 4048 ita
2377 4015 2498 4048 sua-

1463 4079 1609 4143 sisse,
1641 4089 1784 4149 patet
1803 4095 1864 4128 ex
1893 4079 2004 4148 ejus
2024 4095 2300 4147 responso.
2325 4076 2495 4131 Acm-

1547 4176 1634 4227 ²9·
1663 4157 1746 4210 Ab
1777 4161 1958 4221 amico,
1986 4170 2090 4211 ete.
2116 4158 2318 4210 Versus
2347 4174 2497 4208 man-
