3067 5017
617 414 754 461 110

1347 373 2029 476 PSEUDOLUS‚‘

603 510 1036 584 Prohibessit.
1073 532 1230 581 cn..
1261 508 1450 582 Nihil
1485 510 1616 580 hoc
1646 511 1827 580 Jovis
1862 511 1950 580 ad
1979 511 2311 606 judicium
2342 515 2629 588 adtinet:

605 624 746 695 Sub
783 621 1066 693 Veneris
1100 643 1310 714 regno
1346 619 1629 714 vapul0‚
1673 646 1809 692 non
1847 621 1971 690 sub
2008 623 2215 692 Jovis.

605 759 851 805 Psntm.
893 731 1084 801 Licet
1118 755 1224 798 me
1258 729 1326 797 id
1363 731 1530 799 scire
1566 730 1731 824 quid
1763 731 1889 799 sit?
1932 756 2086 800 nam
2131 748 2207 801 tu
2246 757 2354 802 me
2388 736 2704 807 antidhac

605 850 1009 939 Supremum
1035 840 1326 910 habuisti
1367 841 1683 934 comitem
1722 839 2015 910 consiliis
2053 843 2206 912 tuiS.
2703 862 2751 909 ιε
2827 871 2834 878 ·

603 980 758 1027 cn..
796 953 985 1022 Idem
1021 952 1285 1044 animus
1312 976 1495 1019 nunc
1536 965 1659 1021 est.
1698 975 1943 1022 PsEUn.
1976 957 2109 1023 Fac
2145 979 2253 1024 me
2289 971 2549 1028 certum
2586 961 2753 1055 quid

899 1062 1028 1130 tibi
1051 1059 1131 1129 ’st
1167 1087 1183 1129 ε

581 1175 863 1247 ‘Juvabo
906 1187 1024 1242 aut
1068 1196 1176 1258 re,
1220 1185 1338 1239 aut
1371 1195 1613 1266 opera,
1650 1187 1767 1240 aut
1804 1171 2083 1242 consilio
2120 1173 2325 1244 bone.
2370 1269 2382 1275 N

599 1311 755 1358 car..
796 1289 980 1378 Cape
1013 1281 1134 1351 has
1170 1278 1482 1368 tabellas,
1522 1296 1667 1350 tute
1707 1282 1866 1352 hinc
1906 1297 2177 1354 narrato
2214 1285 2386 1372 tibi,

601 1401 772 1488 Quae
808 1418 916 1462 me
951 1391 1232 1472 miseria⁸
1254 1405 1321 1459 et
1362 1415 1524 1460 cura
1561 1391 2029 1461 contabefacit.
2689 1487 2701 1496 ·

599 1532 840 1580 psum).
859 1507 1012 1574 Mos
1046 1503 1170 1571 tibi
1203 1517 1508 1597 geretur:
1547 1502 1663 1570 sed
1700 1503 1866 1597 quid
1898 1503 2051 1591 hoc,
2088 1505 2541 1608 quaeso?cA1..
2564 1507 2750 1598 Quid

894 1629 994 1682 est
1015 1613 1044 1682 ἱ)

596 1751 842 1798 psum).
876 1726 974 1793 Ut
1009 1720 1276 1815 opinor,
1312 1736 1623 1815 quaerunt
1660 1719 1865 1790 literae
1898 1723 2001 1791 hae
2034 1722 2161 1790 sibi
2201 1721 2481 1811 liberOS‚
2571 1727 2598 1738 ⁴

595 1835 742 1908 Alia
775 1833 975 1904 aliam
1010 1830 1290 1899 scandit.
1324 1854 1479 1902 GAL.
1513 1831 1726 1900 Ludis
1767 1856 1874 1899 me
1918 1831 2077 1900 ludo
2115 1847 2253 1902 tuo,

596 1970 841 2018 PSEUD.
874 1947 1012 2012 Has
1055 1940 1366 2034 quidem,
1405 1940 1556 2034 pol,
1592 1941 1821 2028 credo,
1860 1943 1986 2010 nisi
2018 1942 2269 2038 Sibylla
2300 1943 2575 2040 legerit,

596 2052 1036 2149 Interpretari
1078 2048 1280 2118 alium
1321 2066 1583 2144 potesse
1626 2053 1982 2120 neminem.

597 2191 756 2238 GAL.
795 2167 939 2234 Cur
983 2160 1421 2230 inclementer
1455 2161 1622 2229 dicis
1668 2161 1902 2257 lepidis
1946 2161 2195 2250 literis,
2694 2187 2745 2226 ²5

592 2275 869 2371 Lepidis
907 2271 1204 2353 tabellis,
1243 2269 1461 2365 lepida
1500 2273 1895 2342 conscribtis
1936 2273 2194 2342 manui)

593 2411 837 2458 PSEUD.
857 2382 1305 2468 An‚obsecr0,
1327 2379 1580 2465 hercle,
1605 2383 1854 2453 habent
1872 2410 2141 2478 quoque
2172 2384 2431 2478 gallinae
2459 2391 2746 2462 manus?

594 2501 771 2568 Nam
800 2495 921 2563 has
957 2492 1228 2587 quidem
1247 2491 1502 2586 gallina
1538 2494 1824 2564 scribsit.
1855 2519 2010 2564 cat..
2050 2495 2342 2566 Odiosus
2370 2498 2536 2566 mihi
2570 2526 2661 2569 eS.

684 2659 707 2693 1
722 2640 774 2692 3.
797 2638 900 2692 Sub
921 2636 1126 2688 Veneris
1143 2653 1310 2704 regno.
1341 2634 1509 2706 Apud
1531 2654 1623 2689 ve.

596 2736 766 2783 tereS,
815 2720 1037 2790 juvenes
1110 2715 1450 2785 virginesque
1522 2717 1624 2770 sub

597 2799 828 2853 Veneris
867 2816 922 2850 se
968 2813 1080 2847 esse
1124 2794 1355 2864 imperio
1396 2796 1624 2849 arbitra·

597 2882 795 2934 bantur
818 2899 831 2929 z
863 2889 916 2929 et
944 2875 984 2927 si
1011 2872 1144 2945 quid
1167 2873 1292 2925 mali
1321 2874 1623 2941 accidisset,

596 2963 711 3032 ejus
729 2957 976 3029 idipsum
998 2954 1090 3006 irae
1109 2955 1462 3023 imputabant.
1481 2955 1623 3008 Prae-

597 3053 741 3093 terea
781 3053 946 3108 quum
985 3033 1179 3086 amoris
1217 3033 1301 3084 sui
1345 3046 1623 3106 compotes

597 3121 753 3172 factae
795 3114 1130 3187 nupsissent,
1157 3130 1379 3166 coronas
1420 3115 1470 3166 ei
1510 3134 1624 3168 sus-

598 3196 940 3272 pendebant,
968 3195 1196 3264 juvenes
1220 3210 1436 3262 quoque
1465 3212 1625 3247 zonas

594 3278 910 3332 amasiarum
935 3289 1151 3325 suarum
1167 3311 1182 3336 ,
1200 3284 1306 3324 etc.
1322 3274 1625 3326 Munus.—

592 3359 734 3412 Hinc
765 3353 1118 3408 Terentianus
1162 3353 1404 3422 juvenis,
1443 3352 1620 3406 Andr.

593 3441 622 3490 I
640 3478 656 3504 ,
685 3438 739 3496 5,
776 3453 841 3487 ιο
871 3451 885 3486 :
931 3459 952 3480 α
976 3430 1165 3484 adeon’
1195 3432 1472 3485 hominem
1511 3450 1623 3486 esse

591 3519 936 3570 invenustum
978 3524 1071 3564 ant
1112 3511 1383 3565 infelicem
1431 3531 1620 3584 quem-

592 3615 786 3668 quam,
817 3607 876 3646 ut
904 3610 1004 3664 ego
1023 3596 1046 3641 P
1075 3616 1097 3638 ι
1134 3604 1186 3644 et
1215 3591 1413 3664 Hecyr.
1436 3593 1509 3657 V,
1554 3597 1619 3656 4,

598 3680 630 3730 8
660 3698 673 3728 :
704 3697 726 3720 ι
744 3674 864 3746 quis
890 3691 975 3724 me
1002 3682 1080 3723 est
1106 3671 1428 3724 fortunatior
1450 3689 1618 3723 venu-

592 3756 842 3825 statisque
864 3751 1000 3804 adeo
1026 3749 1274 3820 plenior?
1305 3776 1327 3798 ι
1366 3750 1434 3802 N.

677 3853 766 3906 17.
799 3835 897 3896 Re,
929 3831 1183 3902 pecunia,
1212 3829 1428 3882 materia
1453 3829 1617 3880 bene·

593 3913 842 3969 faciendi.
861 3943 940 3954 —-
966 3911 1130 3980 Opera
1146 3945 1163 3971 .‚
1185 3909 1581 3962 commiseranti
1597 3942 1614 3969 ‚

588 3993 836 4066 praesenti
875 3990 1074 4042 animo.
1100 3987 1250 4054 Quid
1288 3988 1355 4039 sit
1395 4006 1616 4058 operam

590 4076 748 4139 dare,
783 4070 1017 4124 diximus
1057 4067 1278 4121 Curcul.
1319 4069 1405 4131 11,
1451 4088 1510 4129 2,
1556 4085 1610 4134 9.

1716 2637 2016 2690 consimilis·
2030 2659 2052 2680 ι
2070 2650 2163 2690 aut
2184 2639 2508 2695 consolando
2532 2635 2744 2714 (opera),

1714 2730 1807 2770 aut
1826 2718 2068 2782 consilio,
2090 2730 2181 2770 aut
2203 2737 2261 2772 re
2276 2721 2469 2790 juvero
2488 2748 2510 2770 ι
2524 2723 2744 2779 ‚Heaut.

1714 2797 1743 2848 1
1760 2835 1776 2861 ,
1811 2816 1861 2862 1,
1892 2797 1983 2860 34.
2010 2797 2079 2849 N.

1796 2895 1883 2930 ao.
1904 2877 2017 2928 Mos
2045 2877 2135 2928 tibi
2155 2889 2375 2947 geretur.
2398 2879 2481 2932 Cf.
2504 2881 2742 2937 Mostell-

1715 2955 1743 3007 Ι
1759 2995 1773 3020 ,
1803 2957 1855 3013 3,
1886 2957 1981 3009 32.

1801 3055 1895 3089 22.
1938 3036 2063 3088 Alia
2104 3036 2253 3091 aliam
2289 3039 2499 3091 scandit.
2546 3040 2743 3094 Literoe

1714 3114 1828 3167 scil.
1858 3133 1969 3166 non
1996 3128 2149 3168 erant
2169 3129 2318 3168 recta
2341 3117 2481 3170 linea
2506 3119 2740 3174 colloca-

1714 3207 1811 3253 tae,
1844 3193 1934 3246 sed
1955 3233 1970 3258 ,
2007 3207 2069 3246 ut
2088 3213 2117 3246 a
2148 3195 2327 3264 puella
2358 3197 2569 3267 scriptae
2588 3237 2604 3263 ,
2634 3201 2740 3253 alia

1714 3274 1806 3326 alii
1832 3275 1983 3344 quasi
2008 3274 2315 3328 incubabat.
2335 3276 2517 3330 Gnosi.

1798 3360 1892 3417 24.
1915 3354 2233 3424 Interpretari
2256 3357 2422 3408 aliam.
2456 3358 2612 3424 ‚Alter
2642 3376 2739 3411 co·

1713 3429 1933 3485 dicum:
1962 3433 2112 3485 aliam
2146 3453 2287 3502 posse
2322 3455 2432 3486 reor
2464 3439 2695 3489 neminem
2714 3477 2730 3502 ,

1712 3513 1803 3564 cui
1843 3512 2136 3566 subscribit
2163 3513 2512 3569 Academicus
2538 3534 2552 3568 τ
2585 3517 2737 3583 alter,

1712 3594 2020 3662 interpretari
2032 3613 2177 3662 posse
2196 3597 2441 3647 neminem.
2466 3597 2738 3650 Intellexit

1712 3669 2047 3724 Camerarius
2075 3675 2130 3726 τὸ
2158 3692 2266 3725 reor
2284 3693 2394 3727 esse
2418 3675 2703 3728 insititium
2719 3714 2737 3743 ,

1711 3763 1764 3803 et
1795 3749 2037 3804 reddidit
2061 3764 2264 3822 potesse.
2306 3755 2420 3825 Ego
2458 3753 2603 3808 idem
2645 3775 2735 3809 su·

1711 3830 1889 3900 spicor
1925 3829 1994 3883 de
2034 3839 2107 3902 τῷ
2148 3833 2297 3885 aliam
2320 3875 2335 3898 ‚
2374 3847 2426 3886 et
2466 3823 2737 3907 s'cripsisse

1708 3910 1957 3963 Plautum
1984 3925 2119 3982 puto
2155 3931 2169 3965 τ
2209 3914 2577 3984 Interpretarier
2594 3935 2737 3986 posse

1708 3993 1954 4043 neminem.
1990 3991 2172 4045 Guon.

1795 4072 1884 4123 28.
1904 4071 2112 4125 Gallina
2131 4073 2338 4124 scribsit.
2357 4071 2523 4126 Ludit
2545 4074 2602 4125 in
2623 4091 2735 4126 am·

590 4157 731 4208 Huic
757 4150 936 4206 versui
959 4149 1318 4202 Terentianus
1343 4147 1434 4200 ine
1455 4149 1617 4222 plane
1705 4149 1869 4221 biguo
1886 4191 1901 4216 ,
1935 4163 1989 4205 et
2012 4152 2161 4222 quasi
2182 4170 2246 4204 ex
2270 4151 2480 4206 insidiis
2501 4154 2732 4225 puellam
