3067 5017
355 521 1416 544 mmmm-mmmmm
1421 521 1504 543 m
1509 522 1789 544 m
1794 523 2348 544 mmmm
2353 525 2508 546 mu

815 750 1250 874 VITA
1334 753 2049 876 PLAUTI.

361 1226 538 1349 M·
581 1280 840 1348 Accms
877 1279 1243 1365 PLAuTus,
1284 1276 1571 1346 Sarsinae
1610 1290 1838 1364 natus,
1881 1275 1954 1345 in
1990 1276 2307 1367 Umbria,
2346 1281 2497 1375 qui-

353 1389 478 1458 bus
513 1389 904 1461 consulibus
941 1389 1123 1460 latet.

446 1508 643 1575 Certe
668 1531 885 1575 annus
915 1505 1219 1574 nondum
1246 1519 1619 1575 transactus
1656 1521 1800 1575 erat
1835 1505 2219 1590 vicesimus,
2251 1532 2331 1576 ex
2358 1534 2495 1603 quo

350 1620 580 1690 Livius
594 1622 1051 1692 Andronicus¹
1090 1646 1332 1716 graecas
1365 1635 1540 1689 artes
1563 1620 1808 1714 agresti
1835 1621 2031 1689 Latio
2061 1619 2398 1710 intulerat,
2428 1607 2497 1692 et

256 1752 263 1757 ·
349 1734 433 1802 ab
468 1736 911 1831 incomposita
955 1735 1500 1804 fescenninorum
1540 1734 1807 1804 licentia
1838 1749 2347 1829 saturarumque
2382 1762 2497 1805 ru-

349 1849 543 1920 dibus
587 1851 805 1920 modis
841 1851 926 1920 ad
956 1854 1139 1946 justa
1183 1849 1567 1921 fabularum
1602 1866 2001 1945 argumenta
2050 1853 2493 1945 spectantium

349 1966 604 2036 animos
634 1966 1096 2054 transtulerat,
1124 1967 1333 2062 quu'm
1362 1965 1638 2036 Plautus
1662 1964 1966 2062 palliatas
2004 1966 2241 2036 docere
2273 1969 2496 2061 coepit.

348 2080 654 2168 Quarum
693 2080 958 2169 multae,
1005 2083 1311 2152 saeviente
1353 2082 1650 2152 secundo
1689 2080 1864 2152 bello
1898 2083 2192 2171 Punice,
2230 2081 2491 2170 multae,

348 2195 683 2284 confecto,
723 2195 900 2265 ludis
938 2210 1246 2292 spectatae
1281 2195 1578 2265 fuerunt.

440 2312 579 2405 Ipsi
623 2311 1018 2382 Andronico
1059 2325 1125 2380 et
1156 2311 1427 2397 Naevio,
1468 2309 1598 2377 nisi
1642 2277 1950 2403 aequalis,
1998 2325 2069 2378 at
2119 2325 2493 2382 coaetaneus

346 2419 573 2489 floruit
590 2423 782 2516 ,jam
812 2437 968 2491 ante
1006 2447 1206 2516 quam
1244 2419 1541 2489 Ennium
1565 2423 1661 2489 M.
1692 2419 1971 2488 Porcius
2008 2422 2176 2490 Cato
2203 2425 2489 2492 Romam

346 2558 426 2601 ex
462 2535 812 2627 provincia
850 2534 1163 2605 Sardinia
1203 2533 1519 2602 duceret-²
1563 2558 1579 2599 τ
1620 2529 1838 2601 clarus
1878 2532 2148 2626 quidem
2182 2534 2492 2628 ingenio,

345 2648 457 2716 sed
486 2649 874 2718 conditione
893 2650 1047 2717 vitae
1067 2647 1419 2743 ignobilis;
1440 2645 1891 2742 aliquamdiu,
1930 2647 2195 2740 opinor,
2229 2647 2496 2718 histrio-

343 2762 477 2831 nici
522 2762 658 2830 dux
696 2765 915 2858 gregis
957 2763 1490 2833 circumforanei.

441 2905 475 2940 ι(
494 2879 921 2946 Saturionem
943 2931 963 2964 ,
993 2878 1214 2972 inquit
1242 2870 1545 2946 Gellius³
1566 2930 1585 2964 ,
1612 2891 1680 2945 et
1700 2874 2063 2947 Addictum
2081 2928 2101 2963 ,
2130 2891 2195 2945 et
2224 2878 2488 2946 tertiam

343 2989 742 3083 quamdam,
794 2992 987 3085 cujus
1053 3015 1236 3059 nunc
1297 2990 1464 3058 mihi
1523 3014 1769 3058 nomen
1819 3014 1957 3058 non
2024 2989 2355 3084 suppetit,
2412 2991 2485 3060 in

341 3104 628 3197 pistrino
666 3131 819 3174 eum
857 3105 1194 3201 scripsisse
1230 3106 1452 3174 Varro
1513 3118 1582 3172 et
1630 3101 1934 3199 plerique
1980 3102 2094 3172 alii
2148 3106 2488 3174 memoriae

344 3218 800 3305 tradiderunt,
836 3245 1083 3313 quum,
1128 3220 1408 3313 pecunia
1449 3219 1667 3305 omni,
1719 3242 1921 3311 quam
1964 3218 2035 3285 in
2075 3220 2294 3314 operis
2332 3221 2486 3288 arti-

347 3331 549 3400 ficum
604 3334 1019 3402 scenicorum
1070 3346 1448 3428 pepererat,
1494 3332 1565 3400 in
1618 3333 2141 3406 mercationibus
2192 3333 2487 3428 perdita,

347 3446 865 3540 inops-Romam
914 3447 1250 3534 rediisset,
1273 3461 1341 3516 et
1365 3446 1451 3515 ob
1489 3444 1923 3539 quaerendum
1949 3448 2199 3517 victum
2242 3446 2326 3515 ad
2360 3448 2487 3516 cir·

343 3562 789 3656 cumagendas
835 3563 1076 3650 molaS,
1121 3570 1289 3657 fquae
1340 3561 1670 3632 trusatiles
1714 3558 2161 3655 appellantur,
2212 3586 2485 3655 operam

343 3675 576 3770 pistori
615 3676 966 3747 locasset.»

444 3788 623 3859 Illud
674 3816 834 3862 vero
887 3791 1221 3886 praecipue
1259 3775 1960 3888 animadyertendum,
2004 3789 2225 3884 quod,
2278 3815 2486 3886 quum

417 4013 506 4092 (1)
534 4019 684 4075 Anu.
718 4022 790 4076 U.
817 4021 882 4076 c,
913 4017 1066 4089 514;
1095 3997 1522 4088 Tit.1,iv.v11,
1547 4035 1619 4088 23
1649 4013 1846 4072 Valet.
1872 4015 2143 4086 Max.11‚
2172 4021 2205 4081 ι.
2226 4057 2244 4086 ,
2271 4023 2323 4083 4·

418 4105 502 4182 (2)
533 4115 699 4167 Anno
725 4108 957 4168 demum
985 4115 1059 4170 U.
1088 4114 1153 4169 C.
1178 4109 1310 4183 557.

423 4204 511 4284 (3)
552 4209 722 4266 Noct.
756 4213 872 4264 Αιι.
900 4208 992 4266 111
1014 4247 1032 4276 ‚
1065 4206 1120 4264 3.
