3067 5017
641 404 734 477 36

638 604 1284 627 mwommmm

1403 404 1989 511 POENtJLus,

1562 604 2110 625 mmmmm
2114 602 2759 627 mmm

995 800 1504 907 ACTUS
1592 800 2447 908 SECUNDUS.

1126 1242 1428 1317 LYCUS
1446 1295 1466 1329 ‚
1523 1238 2282 1317 ANTHEMONIDES.

639 1396 950 1521 LYc.D1
997 1445 1189 1516 illum
1234 1444 1576 1514 infelicent
1615 1444 1905 1530 omneis,
1942 1444 2059 1539 qui
2097 1459 2247 1539 post
2283 1446 2467 1517 hunc
2502 1445 2683 1517 diem

629 1564 817 1631 Leno
855 1556 1059 1628 ullam
1096 1551 1348 1626 Veneri
1389 1578 1688 1648 unquam
1726 1552 2068 1622 inmolarit
2101 1554 2425 1644 hostiam,

631 1670 852 1758 Quive
891 1664 1106 1735 ullum
1159 1665 1326 1733 turis
1364 1678 1652 1758 granum
1698 1657 2212 1732 sacruficaverit.

630 1782 810 1851 Nam
851 1800 977 1871 ego
1013 1764 1214 1843 hodie
1250 1766 1517 1861 infelix,
1557 1773 1660 1842 dis
1697 1775 1862 1842 meis
1899 1774 2295 1845 iratissumis
2317 1829 2338 1862 ,

629 1894 761 1961 Sex
797 1883 1116 1956 inmolavi
1159 1908 1408 1978 agnos,
1445 1907 1572 1953 nec
1614 1883 1805 1977 potui
1848 1897 2075 1952 tamen
2757 1903 2781 1945 ς

599 1986 1002 2091 Ῥῑορὶῑίειη
1040 1996 1374 2063 Venerem
1415 1990 1633 2062 facere
1670 1993 1768 2061 uti
1807 2008 1975 2062 esset
2017 1993 2205 2063 mihi.

635 2106 980 2197 Quoniam
1018 2102 1211 2172 litare
1257 2127 1557 2195 nequeo,
1594 2102 1729 2170 abii
1765 2101 1952 2173 illinc
1996 2102 2200 2173 inlico

632 2222 895 2299 Iratus,
933 2214 1115 2283 vetui
1151 2224 1299 2281 exta
1341 2212 1788 2305 prosecarier3

633 2332 875 2423 Neque
918 2348 994 2395 ea
1036 2324 1378 2418 adspicere
1414 2321 1635 2409 volui,
1678 2323 2002 2417 quoniam
2046 2347 2185 2393 non
2230 2322 2407 2391 bona

635 2441 941 2531 Aruspex
972 2433 1173 2519 dixit3
1233 2429 1425 2501 deam
1467 2455 1607 2501 esse
1646 2424 1995 2527 indignam
2038 2432 2310 2501 credidi.

635 2552 737 2619 Eo
783 2559 979 2641 pacto
1010 2566 1224 2611 avarae
1258 2542 1508 2611 Veneri
1548 2540 1826 2636 polchre
1860 2542 1993 2612 adii
2036 2568 2331 2613 manum.

728 2723 780 2781 4.
811 2716 905 2767 Dis
938 2690 1050 2767 meis
1091 2715 1205 2765 irae.
1243 2711 1491 2768 Ablativo
1510 2750 1527 2777 ‚
1555 2730 1667 2765 non

641 2798 825 2854 dativo
851 2812 974 2847 casu
1009 2791 1267 2863 positum.

727 2896 782 2949 7.
805 2876 998 2934 Luam,
1025 2873 1287 2941 καλλιιριῖν
1305 2906 1323 2935 ‚
1360 2870 1447 2923 vel
1464 2909 1481 2936 ‚
1507 2882 1573 2923 nt
1596 2869 1671 2923 ait

647 2956 887 3012 Macroh.
929 2952 1026 3005 lib.
1066 2950 1179 3017 111,
1221 2968 1340 3020 cap.
1374 2950 1428 3013 5,
1475 2975 1499 2996 ι
1529 2950 1671 3003 facto

646 3033 910 3093 sacrificio
930 3047 1130 3084 numen
1151 3029 1360 3100 placare
1379 3054 1401 3076 ι
1415 3067 1427 3079 .
1447 3030 1674 3083 Veteres

649 3136 715 3173 eo
737 3114 906 3168 verbo
933 3110 1016 3163 nsi
1032 3147 1049 3175 ,
1071 3127 1237 3179 quum
1261 3120 1408 3180 grata
1430 3121 1675 3179 accepta·

653 3214 761 3269 qne
796 3191 900 3246 diis
932 3203 1078 3243 sacra
1117 3187 1276 3241 fuisse
1301 3187 1675 3259 intelligerent.

652 3271 942 3345 Suet-ficare
958 3267 1118 3340 igitur
1138 3280 1216 3320 est
1231 3266 1429 3321 offerre
1451 3284 1679 3333 sacrum,

655 3368 710 3410 et
731 3349 942 3407 veniam
981 3364 1199 3419 poscere
1224 3363 1238 3399 :
1283 3346 1426 3399 litare
1451 3358 1530 3399 est
1554 3365 1680 3416 pro·

651 3434 846 3507 pitin-e
866 3469 882 3496 ‚
923 3441 976 3482 et
1004 3438 1186 3480 votnm
1215 3426 1502 3497 impetrare
1524 3442 1539 3478 ε
1566 3445 1678 3478 non

657 3512 881 3585 quidem
925 3507 1024 3561 ἀπὸ
1062 3512 1160 3558 τῶν
1205 3512 1385 3569 λιτῶν,
1428 3502 1483 3558 id
1519 3519 1626 3571 est,
1648 3525 1680 3555 a

653 3592 874 3667 precibus
898 3608 918 3640 .·
961 3583 1056 3640 sed
1084 3604 1118 3638 a
1145 3584 1302 3647 luere,
1352 3581 1409 3636 id
1431 3596 1536 3649 est,
1585 3583 1681 3637 σοι.

661 3688 805 3727 vere.
828 3669 1004 3721 Varro
1033 3664 1393 3717 Hecatombe:
1427 3688 1451 3709 ι
1480 3664 1546 3714 In
1572 3682 1681 3734 quo

659 3770 785 3822 ego,
819 3758 881 3800 nt
901 3757 1059 3817 puto,
1091 3742 1342 3815 quoniam
1383 3754 1460 3794 est
1503 3742 1680 3807 luere,

658 3831 864 3889 solvere
878 3864 893 3889 ‚
913 3823 1076 3877 lutavi
1098 3847 1145 3875 ι.
1173 3822 1680 3877 Tannum—Confi

662 3913 882 3966 Sueton-
911 3903 1042 3956 Cos.
1070 3906 1164 3958 81.

748 3990 802 4042 8.
835 3985 1160 4037 Prosecarier.
1190 3982 1326 4035 Exta
1355 3992 1503 4033 cocta
1547 3980 1684 4034 sole-

660 4072 796 4125 bant
839 4078 1150 4136 prosecare:
1184 4059 1328 4113 unde
1370 4074 1422 4113 et
1456 4073 1681 4130 prosecta

663 4147 1011 4205 dicebantur,
1050 4157 1108 4192 ac
1134 4152 1336 4211 partem
1365 4139 1679 4205 adolebant,

1762 2725 1967 2784 partem
1985 2713 2387 2775 consecrabant,
2404 2711 2789 2768 sacerdotibus-

1764 2810 1867 2863 que
1899 2790 2132 2846 dabant:
2164 2804 2371 2864 partem
2406 2792 2507 2845 sibi
2540 2811 2785 2864 appone-

1764 2872 1912 2925 bant.
1928 2872 2015 2926 Sic
2029 2871 2339 2925 lustralibus
2351 2872 2483 2924 extis
2498 2886 2788 2927 vescuntur

1766 2952 2015 3023 ap.Virg.
2036 2952 2317 3005 AEn.v111.
2337 2952 2551 3005 Suet.in
2566 2956 2703 3023 Aug.
2726 2971 2751 3006 1
2769 2970 2785 3005 ε

1774 3052 1797 3078 α
1818 3029 2122 3084 semicruda
2162 3044 2283 3083 exta
2328 3044 2479 3101 rapta
2510 3032 2635 3083 foco
2661 3051 2788 3102 pro·

1767 3109 1934 3163 secuit
1965 3136 2012 3163 n.
2055 3107 2215 3163 Ovid.
2252 3110 2395 3165 Fast.
2429 3112 2512 3163 vl
2547 3128 2561 3163 :
2608 3138 2629 3158 ι
2652 3110 2788 3164 Inde

1766 3189 1863 3241 ubi
1909 3188 2119 3249 libavit,
2168 3202 2412 3259 prosecta
2452 3189 2553 3242 sub
2596 3191 2789 3243 ethera

1766 3270 1947 3339 ponit,
1975 3278 2077 3321 etc.
2102 3293 2124 3315 ι
2154 3268 2412 3323 Τσιικη.
2440 3299 2518 3310 —-
2548 3269 2786 3324 Nonius:

1770 3347 2069 3412 «prosecta,
2090 3359 2209 3402 exta
2235 3366 2354 3418 quae
2380 3348 2484 3401 nris
2502 3345 2699 3401 dantur
2726 3368 2789 3402 ex

1769 3427 1917 3479 fibris
1954 3426 2223 3499 pecudum
2261 3425 2483 3480 dissecta
2504 3453 2551 3481 ι.
2595 3425 2790 3481 Facete

1767 3518 1944 3559 autem
1992 3504 2199 3560 dictum
2226 3526 2237 3557 τ
2268 3508 2416 3578 quasi
2461 3506 2633 3577 probe
2679 3526 2791 3560 sese

1769 3585 1909 3638 ultus
1955 3585 2022 3639 sit
2066 3586 2221 3650 leno;
2266 3584 2443 3657 quod,
2485 3604 2651 3657 quum
2680 3606 2791 3639 non

1770 3663 1993 3729 litasset,
2034 3677 2151 3718 exta
2183 3663 2285 3717 deo
2320 3684 2429 3717 non
2457 3663 2793 3731 reddiderit,

1769 3743 1854 3796 vel
1880 3743 1956 3796 ibi
1981 3742 2372 3798 fraudulentus.
2394 3745 2625 3797 Tmnn.

1860 3842 1949 3876 11.
1990 3822 2118 3875 Adii
2153 3843 2359 3876 manum.
2397 3823 2535 3875 Mihi
2582 3821 2793 3876 videtur

1770 3901 1907 3953 adire
1927 3922 2116 3954 manum
2134 3904 2299 3967 alicui,
2318 3901 2422 3956 dici
2446 3902 2489 3954 si
2510 3903 2627 3974 quis
2645 3902 2793 3956 alteri

1771 3980 2005 4053 aliquid,
2043 3995 2289 4053 tanquam
2331 3982 2387 4034 in
2432 4000 2651 4034 manum
2696 3995 2797 4034 tra·

1770 4060 2009 4126 diturm,
2070 4074 2294 4115 ostentet
2317 4098 2333 4125 ,
2380 4080 2657 4133 quumque
2703 4062 2795 4113 ille

1770 4159 1986 4195 manum
2027 4138 2097 4194 ad
2148 4140 2206 4193 id
2246 4139 2567 4217 capiendum
2606 4158 2793 4212 porre-
