3067 5017
1098 495 1766 566 FRAGMENTA.
2362 496 2498 569 525

852 690 1321 762 GASTRION
1376 715 1503 762 vm.
1552 695 2006 764 GASTRON.

342 851 525 918 Caro
562 845 896 932 strebula,
936 845 1235 918 vitellina
1272 863 1371 919 est
1404 874 1419 917 ε
1458 851 1778 920 coenabis,

432 1041 482 1077 1.
509 1023 644 1077 Caro
657 1021 887 1074 strebula.
918 1021 1108 1076 Carnis
1127 1023 1377 1075 strebula
1465 1024 1681 1081 strebula
1707 1041 1730 1077 .·
1764 1021 1965 1094 ς-ριὸλδς
2011 1023 2159 1076 enim
2207 1043 2404 1078 curvus
2451 1039 2506 1080 et

344 1103 598 1156 meminit
618 1103 805 1157 Festus
827 1119 843 1154 z
879 1101 1007 1154 item
1027 1113 1081 1155 et
1105 1102 1377 1156 Arnobius
1466 1122 1664 1175 pravus
1686 1121 1702 1156 ε
1741 1102 1892 1156 unde
1923 1104 2148 1176 stribligo
2167 1142 2184 1170 ,
2211 1102 2504 1175 depravata

341 1183 440 1236 lib.
466 1183 577 1235 VII
612 1181 820 1236 advers.
856 1181 1058 1235 Gentes
1090 1199 1105 1234 ε
1145 1182 1377 1235 «Nonne
1466 1183 1675 1248 oratio,
1701 1186 1726 1236 ὁ
1758 1185 2086 1254 σολοικισμός.
2117 1183 2354 1238 Videtur
2392 1204 2504 1240 esse

340 1264 517 1335 placet
532 1281 747 1316 carnem
770 1261 1059 1316 strebulam
1078 1262 1376 1326 nominare,
1466 1277 1521 1316 ct
1556 1260 1703 1335 quod
1741 1263 1929 1317 scribit
1969 1262 2267 1336 Hesychius
2293 1281 2308 1316 z
2339 1268 2504 1318 Κοὺτ-

342 1361 464 1414 qun
494 1354 770 1396 taurorum
800 1360 831 1395 e
864 1339 1248 1395 coxendicibus
1282 1339 1376 1394 de·
1464 1362 1644 1414 ταρος,
1679 1343 1885 1414 inquit,
1931 1351 2030 1396 τῶν
2081 1339 2364 1398 &moenita-o
2411 1351 2501 1399 τοῦ

344 1423 517 1476 mitur
549 1427 573 1474 P
624 1447 647 1470 ι
694 1421 927 1477 Videtur
967 1427 1100 1480 κωλῆ
1149 1419 1291 1475 dicta
1340 1441 1371 1476 a
1463 1424 1578 1488 βοὸς
1605 1424 1638 1480 ἧ
1667 1421 1791 1494 σὰρξ
1816 1424 1939 1493 ὑπὲρ
1977 1421 2044 1476 τὰ
2073 1425 2241 1496 ἄρθρα.
2267 1425 2497 1480 Tanna.

346 1503 547 1557 Gracis
570 1520 584 1556 ε
632 1504 779 1573 ἡγοῦν
825 1502 1012 1572 ἀγκύλη
1056 1497 1254 1562 ὄςῶδὴς
1278 1505 1293 1520 ’
1342 1519 1369 1553 a
1465 1502 1704 1566 —Cam,
1724 1515 1829 1558 etc.
1851 1501 1998 1574 apud
2021 1503 2324 1558 Varronem
2345 1503 2411 1557 L.
2432 1505 2498 1558 L.

344 1600 451 1655 qua
482 1596 787 1646 ⁸‹nu-vatum
851 1593 907 1636 et
959 1599 1177 1634 versura
1231 1579 1371 1634 dicta
1464 1582 1547 1634 vl
1569 1621 1586 1647 ‚
1632 1583 1684 1635 3.
1706 1581 1852 1635 vide
1883 1582 2086 1638 Frivol.
2115 1601 2193 1637 vs.
2229 1583 2318 1637 13.
2433 1591 2438 1598 '

1155 1716 1682 1844 HORTULtls.

343 1934 569 2004 Praeco
607 1933 702 2002 ibi
742 1932 915 2002 adsit
948 1958 1100 2015 cum
1146 1957 1440 2022 corona3
1476 1935 1730 2028 quique
1765 1934 1993 2025 liceat,
2026 1951 2282 2006 veneat.

432 2135 483 2173 ι.
504 2117 703 2184 Praxo,
736 2129 841 2172 etc.
872 2115 1018 2189 apud
1040 2117 1181 2172 Fest.
1210 2135 1265 2171 v.
1289 2118 1379 2170 sub
1398 2138 1503 2172 cor.
1526 2123 1732 2173 voem're.

1174 2298 1653 2368 KAKISTUS.

854 2464 1041 2537 Malo
1080 2465 1265 2537 hunc
1302 2465 1584 2562 adligari
1621 2466 1706 2537 ad
1753 2471 2006 2558 oriam3

339 2580 438 2648 Ut
474 2603 736 2672 semper
772 2577 1090 2673 piscetur,
1127 2579 1251 2648 etsi
1286 2579 1374 2648 sit
1418 2593 1778 2673 tempestas
1813 2605 2151 2651 maxuma.

429 2778 479 2814 1.
514 2759 685 2826 Malo,
711 2772 811 2814 etc.
839 2758 986 2832 apud
1007 2759 1355 2831 Fulgentium
1380 2781 1433 2814 v.
1458 2761 1608 2815 Oria.

1001 2956 1428 3027 LENONES
1472 2959 1834 3028 GEMINI.

340 3126 544 3198 Dolet
583 3128 693 3197 hic
731 3125 997 3221 puellus
1024 3180 1043 3213 ,
1082 3153 1219 3197 sese
1254 3152 1501 3196 venum
1551 3127 1805 3200 ducier.

426 3319 476 3355 1.
507 3300 686 3366 Dolet,
716 3313 813 3354 etc.
840 3319 925 3371 ap.
958 3300 1101 3354 Fest.
1127 3320 1178 3354 v.
1197 3300 1372 3371 puelli.
1400 3300 1662 3354 Priscian.
1693 3299 1780 3355 ed.
1815 3301 2036 3356 Putsch.
2059 3323 2112 3375 p.
2152 3307 2287 3375 697'.

1201 3483 1641 3553 MEDICUS.

340 3663 421 3728 ln
458 3654 851 3751 conspicillo
883 3654 1361 3741 adservabam3
1398 3653 1680 3748 pallium
1715 3657 2169 3727 observabam.

340 3769 642 3838 Parasito
681 3792 837 3835 cum
872 3765 1079 3860 virgis
1112 3788 1381 3834 caseum
1420 3765 1567 3833 radi
1610 3781 1853 3861 potest.

339 3879 545 3950 Domi
582 3876 819 3970 reliqui
858 3875 1187 3958 exoletam
1220 3877 1578 3971 virginem.

430 4055 479 4090 1.
506 4037 569 4089 In
600 4037 909 4106 conspiciIlo,
931 4047 1033 4090 etc.
1056 4033 1201 4106 apud
1227 4039 1371 4088 Non.
1462 4055 1513 4086 v.
1552 4055 1733 4094 caseus.
1777 4034 1879 4087 Hic
1914 4036 1971 4088 in
2003 4035 2199 4091 neutro
2235 4041 2490 4109 positum.

340 4138 393 4173 v.
416 4117 761 4187 conspicillum.
1547 4115 1599 4168 3.
1626 4115 1795 4178 Domi,
1818 4127 1920 4168 etc.
1950 4115 2094 4188 apud
2120 4118 2374 4176 Priscian.
2403 4123 2490 4178 ed.

428 4219 479 4252 2.
514 4197 774 4261 Parasito,
803 4207 905 4249 ete.
943 4194 1089 4266 apud
1120 4192 1371 4249 cumdem
1462 4194 1678 4248 Putseh.
1709 4213 1764 4266 p.
1795 4196 1927 4265 87²·
