3067 5017
836 465 1182 535 Acrus
1230 466 1344 552 11,
1393 466 1737 536 scENA
1786 465 1895 533 11.
2278 420 2434 537 '325

279 612 446 659 ΡΑΝ.
503 583 712 656 Mein’
751 585 1042 677 fastidis,
1089 587 1542 684 propudiose?
1597 586 1911 682 eloquere
1951 603 2268 682 propere,
2309 591 2439 661 Di-

578 720 869 766 nacium.

284 845 432 892 ΜΝ.
468 820 639 891 Jube
673 845 781 889 me
813 821 1122 891 omittere
1156 822 1367 917 igitur
1396 821 1524 892 hos
1568 822 1687 917 qui
1724 820 2040 892 retinent.
2097 845 2262 892 ΡΑΝ.
2300 821 2443 912 Qui

575 932 920 1002 retinent?
953 957 1102 1003 ΜΝ.
1141 934 1414 1028 Rogas?

284 1046 537 1116 Omnia
570 1046 874 1115 membra
915 1045 1244 1116 lassitudo
1255 993 1448 1116 ι,ῐοίὴί
1484 1061 1690 1157 tenet.
1720 1069 1887 1116 ΡΑΝ.
1920 1044 2257 1140 Linguam
2292 1045 2439 1140 qui-

577 1154 731 1223 dem

286 1266 406 1334 Sat
439 1264 578 1344 scio
614 1265 738 1332 tibi
763 1289 903 1333 non
931 1278 1178 1336 tenere.
1223 1290 1371 1336 ΜΝ.
1405 1271 1508 1335 Ita
1543 1263 1744 1334 celeri
1772 1261 2118 1334 curriculo
2149 1263 2248 1332 fui

283 1379 578 1470 Propere
608 1401 648 1443 a
682 1390 920 1469 portu,
967 1377 1065 1445 tui
1107 1376 1387 1446 honoris
1423 1400 1643 1446 causa.
1688 1399 1854 1446 ΡΛΝ.
1894 1372 2156 1469 Ecquid
2194 1373 2445 1468 adpor-

580 1500 680 1553 tas
705 1485 938 1554 boni?
1037 1511 1046 1518 ·
1786 1571 1795 1578 ἢ

287 1618 438 1664 ΜΝ.
521 1595 756 1665 Nimio
799 1596 1130 1691 inpertior
1187 1594 1402 1666 multo
1459 1609 1647 1664 tanta
1692 1592 1877 1690 pluS,
1932 1617 2133 1688 quam
2191 1616 2439 1687 speras.

580 1730 744 1776 ΡΑΝ.
785 1705 990 1776 Salva·
1024 1731 1195 1775 sum.
2394 1723 2441 1762 ²⁵

291 1839 440 1885 ΜΝ.
476 1820 568 1885 At
605 1840 730 1910 ego
768 1817 968 1910 perii,
1005 1817 1168 1910 quoi
1209 1814 1579 1884 medullam
1619 1812 1940 1883 lassitudo
1973 1812 2289 1907 perbibit.

297 1947 461 1992 cm..
513 1923 702 2011 Quid
745 1951 909 2032 ego,
964 1926 1125 2021 quoi
1163 1927 1426 1996 misero
1443 1923 1806 1994 medullam
1850 1923 2105 1993 ventris
2144 1922 2446 2061 percepit

582 2034 835 2105 ffimae?

290 2167 458 2213 ΡΑΝ.
509 2146 804 2236 Ecquem
846 2145 1266 2215 convenisti?
1323 2171 1469 2216 ΜΝ.
1524 2144 1811 2215 Multos.
1865 2169 2027 2217 ΡΔΝ.
2083 2148 2185 2215 At.
2222 2144 2442 2213 virum

586 2258 911 2349 ecquem?
950 2281 1098 2326 ΜΝ.
1137 2254 1510 2342 Plurimos;

289 2366 546 2433 Verum
579 2389 660 2432 ex
696 2365 923 2434 multis
955 2366 1349 2460 nequiorem
1377 2362 1643 2434 nullum
1667 2417 1688 2448 ,
1724 2387 1928 2458 quam
1964 2363 2077 2432 hic
2117 2377 2237 2432 est.
2280 2387 2436 2433 GEL.

585 2474 1003 2562 Quomodo?
1095 2506 1099 2514 ·

289 2581 696 2652 Jamdudum
733 2609 860 2680 ego
897 2585 1098 2654 istum
1135 2585 1358 2679 patior
1395 2582 1615 2652 dicere
1651 2581 1898 2674 injuste
1934 2580 2123 2650 mihi.

293 2694 544 2761 Praeter
577 2693 704 2762 hac
739 2695 793 2762 si
829 2720 936 2764 me
973 2694 1396 2764 inritassis„„
1428 2717 1580 2764 ΜΝ.
1610 2690 1901 2788 Edepol,
1937 2690 2187 2760 esuries
2218 2689 2415 2760 male.

383 2947 466 2983 10.
487 2928 640 2982 Mein'
643 2929 871 2996 fastidis,
882 2950 1026 3001 prop.
1047 2930 1327 2984 Recentio·
1410 2929 1641 3002 praefero
1657 2966 1674 2994 ,
1751 2940 1806 2981 et
1863 2926 2104 2996 junctim
2168 2923 2445 2980 efferenda
2559 2937 2565 2942 ·

293 3026 402 3074 res,
420 3007 979 3081 men’rogas.Antiquae
993 3009 1116 3064 edd.
1140 3037 1162 3059 ι
1179 3001 1324 3064 Men’
1411 3009 1594 3062 omnia
1617 3025 1631 3060 ε
1661 3007 1829 3061 Nimio
1867 3007 2016 3058 multo
2052 3019 2189 3059 tanto
2218 3007 2349 3077 plus.
2374 3007 2442 3058 Ῑο

295 3087 500 3141 fastidis
525 3115 575 3142 a.
601 3089 762 3156 MSS,
797 3118 819 3139 α
837 3090 976 3144 Mihi
997 3089 1255 3143 infastidis
1275 3116 1322 3142 ι.
1411 3108 1516 3161 qua
1542 3088 1715 3140 forma
1743 3098 1868 3139 sunt
1896 3086 2105 3157 aliquot
2128 3085 2325 3158 gradus
2348 3103 2445 3138 au-

295 3167 610 3240 Legendum
649 3190 662 3221 z
702 3168 726 3216 i.
746 3169 910 3224 Mein’
938 3169 1144 3224 fastidis
1170 3196 1218 3222 ι.
1245 3170 1324 3223 Ut
1412 3167 1617 3238 gmenti
1642 3188 1655 3218 ι
1697 3192 1720 3213 ιι
1744 3167 1900 3231 Plus,
1931 3176 2079 3219 tanto
2110 3167 2249 3237 plus,
2277 3165 2461 3220 multo.

296 3248 356 3300 in
385 3248 564 3301 Aulul.
588 3251 676 3314 11,
703 3271 732 3303 3
769 3269 783 3302 t
832 3251 1014 3304 .Abiit
1036 3269 1211 3321 neque
1237 3266 1324 3302 me
1411 3261 1562 3302 tanto
1611 3247 1763 3318 plus,
1834 3245 2005 3297 nimio
2059 3245 2233 3299 multo
2294 3255 2463 3299 tante.

299 3327 580 3381 certiorem
638 3328 763 3383 fecit
807 3348 822 3383 :
883 3329 1088 3383 fastidit
1141 3329 1248 3382 mei
1273 3354 1324 3381 ι.
1410 3329 1534 3401 plus
1557 3353 1605 3379 ι.
1636 3327 1758 3378 Νοο
1782 3322 2042 3378 dissimile
2072 3323 2321 3390 Bacchid.
2344 3324 2467 3388 lv,

299 3406 599 3478 Scioppius.
622 3410 758 3464 MSS
789 3409 961 3464 Acad.
987 3433 1010 3456 c
1029 3409 1325 3463 Men'infe·
1419 3416 1451 3473 4
1476 3425 1490 3460 z
1523 3433 1545 3454 ι
1572 3406 1742 3459 nimio
1770 3405 1951 3457 minus
1982 3406 2150 3457 multo
2181 3422 2371 3475 parum
2396 3429 2447 3456 ι.

299 3485 454 3538 stidis
473 3512 521 3538 ι.
545 3488 728 3542 ΟοοΝ.
1416 3486 1770 3558 Frequentius
1787 3497 1964 3538 tamen
1986 3484 2102 3537 haec
2127 3487 2448 3556 junguntur,

389 3571 480 3628 ῐ4.
518 3569 614 3619 Tm·
657 3569 850 3622 honoris
892 3589 1058 3623 cama.
1097 3569 1192 3622 Est
1225 3568 1330 3622 for-
1424 3594 1446 3616 ι
1467 3567 1639 3619 nimio
1662 3577 1813 3619 tanto
1839 3564 1960 3635 plus
1986 3590 2009 3611 ι
2041 3585 2054 3616 z
2089 3576 2152 3617 ut
2174 3564 2228 3618 in
2254 3563 2448 3616 Bacch.

301 3646 446 3698 mula
463 3648 808 3717 exprimens,
835 3648 982 3721 quod
1005 3649 1166 3718 vulgo
1191 3646 1332 3701 dice-
1418 3649 1474 3712 Ι,
1511 3666 1566 3700 3.
1593 3644 2075 3714 Frequentiuime,
2114 3644 2263 3700 muln»
2282 3654 2451 3705 tanto,

302 3743 514 3792 remus,
538 3739 628 3779 tua
650 3746 831 3794 causa,
855 3741 919 3782 ut
943 3729 1046 3783 tibi
1072 3729 1334 3798 obseque-
1423 3745 1550 3780 cum
1576 3724 1747 3796 gradu
1765 3723 2167 3818 ‘comparativm
2195 3722 2458 3792 Apuleius

302 3823 420 3867 rer,
447 3820 509 3859 ut
533 3807 633 3859 tibi
659 3807 1015 3880 indulgerem.
1046 3808 1208 3862 Curc.
1234 3807 1336 3870 IV,
1424 3806 1644 3876 Apol.
1622 3804 1781 3875 pari
1812 3802 2033 3875 quidem
2063 3803 2314 3867 stultitia,
2359 3799 2454 3855 sed

308 3885 364 3947 3,
386 3899 483 3954 17·
507 3887 656 3938 Poen.
678 3889 782 3951 ΙΙΙ,
816 3888 870 3954 3,
903 3877 1234 3942 26.Gno1‹.*
1267 3917 1338 3931 --
1427 3885 1604 3941 multo
1626 3897 1773 3938 tanto
1802 3883 1989 3935 vanius
2022 3895 2076 3936 et
2112 3882 2341 3955 nequius
2366 3899 2457 3936 ex·

313 3963 412 4016 Tui
444 3965 638 4018 honoris
665 3987 832 4020 causa.
862 3967 1023 4022 Conf.
1055 3967 1254 4038 Amph.
1287 3967 1344 4031 Ι,
1429 3965 1787 4036 cogitatum».
1814 3961 1981 4016 Acm.

313 4064 377 4108 3,
411 4049 511 4109 34,
526 4044 626 4100 3ο.
1519 4061 1607 4114 17.
1640 4043 1779 4114 Quid
1799 4061 1908 4111 ego.
1928 4042 2125 4114 Amph.
2148 4042 2251 4105 IV,
2277 4041 2345 4107 3,
2366 3999 2420 4094 6.

397 4140 420 4174 1
435 4123 486 4177 5.
527 4125 694 4179 Nimio
725 4130 957 4198 inpertior·
989 4128 1141 4182 multo
1183 4135 1340 4178 tanta.
1521 4143 1551 4176 3
1566 4125 1871 4177 1.Esuries
1924 4122 2063 4179 naula..
2120 4120 2467 4177 Minatoriam

309 4199 453 4258 Edit.
471 4205 615 4262 Brix.
637 4219 690 4263 et
709 4207 979 4274 traduces,
999 4219 1136 4262 tanto
1146 4227 1167 4271 ,-
1189 4201 1344 4278 quod
1430 4203 1733 4258 orationem
1762 4201 2006 4259 absolvit·
2019 4200 2337 4256 deridiculo.
