3067 5017
278 484 567 504 mmm
574 480 1596 503 ΜΜΜΜΜΜΜΜΜἏὶἱἏ
1601 481 1874 501 ἉΒΜΜ
1880 480 2430 501 mmwsmmm

595 700 771 816 M.
856 617 1360 817 Accu
1454 695 2124 829 PLAUTI

988 966 1755 1045 FABULARUM

478 1199 2266 1395 FRAGMENTA

1271 1504 1480 1562 SIVE

284 1710 515 1778 LOCI
539 1707 665 1773 EX
693 1705 1049 1773 AMISSIS
1082 1704 1419 1777 PLAUTI
1448 1702 1963 1773 COMOEDIIS
1993 1705 2458 1773 MAXIMAM

606 1829 983 1897 PARTEM
1022 1831 1080 1897 A
1120 1828 1770 1896 GRAMMATICIS
1818 1828 2142 1895 CITATI.

299 2024 544 2143 HEC
585 2072 995 2167 fragmenta,
1032 2086 1100 2139 et
1142 2070 1422 2157 comici,
1460 2086 1538 2139 ut
1582 2073 1676 2139 sic
1717 2071 1971 2156 dicam,
2009 2072 2249 2149 colossi
2298 2080 2449 2143 στὶ-α-

291 2187 602 2282 ροίγματα,
626 2186 762 2252 JaC.
782 2180 1036 2269 Helias,
1078 2204 1445 2275 graecarum
1477 2179 1829 2248 literarum
1856 2179 2096 2250 doctor
2135 2183 2384 2277 regim,
2409 2209 2450 2253 a

292 2294 595 2389 Georgio
625 2292 937 2363 Fabricio
960 2294 1304 2361 Germano
1328 2289 1489 2359 olim
1513 2287 1790 2359 collecta
1809 2343 1833 2377 ,
1859 2305 1929 2359 et
1958 2306 2214 2384 postea,
2229 2308 2305 2361 ut
2333 2294 2449 2380 ait,

290 2431 331 2473 a
358 2408 561 2474 Petro
584 2401 873 2473 Daniele
898 2399 1103 2473 Gallo
1137 2399 1389 2471 alicubi
1428 2416 1730 2474 correcta
1755 2414 1825 2469 et
1852 2416 2047 2471 aucta
2069 2456 2088 2488 ,
2116 2427 2454 2473 commen·

290 2516 481 2584 tariis
530 2514 1031 2597 Lambinianis,
1082 2538 1252 2605 quos
1307 2511 1419 2581 ille
1458 2512 1544 2580 ab
1592 2512 1883 2581 auctoris
1925 2528 2142 2582 morte
2183 2516 2452 2585 Parisiis

292 2623 542 2709 edidit,
576 2622 847 2716 adjecit.
886 2628 966 2691 At
995 2624 1174 2690 enim
1205 2647 1395 2705 vero,
1420 2621 1843 2690 cuicuimodi*
1869 2646 1944 2690 ea
1973 2621 2134 2709 sint,
2161 2624 2452 2692 necdum

292 2735 457 2803 satis
494 2733 705 2828 probe
730 2748 847 2801 aut
871 2748 1225 2826 congesta,
1258 2746 1376 2801 aut
1412 2731 1668 2825 digesta
1687 2784 1709 2817 ,
1745 2746 1866 2799 aut
1892 2732 2209 2826 castigata
2237 2734 2453 2801 anim-

291 2844 629 2927 advertet,
666 2844 783 2937 qui
840 2843 927 2911 de
980 2841 1267 2937 singulis
1321 2838 1556 2936 paullo
1602 2842 1978 2910 accuratius
2031 2842 2454 2935 cogitaverit.

291 2952 545 3023 Minati
580 2968 737 3021 sunt
770 2952 1045 3045 quidem
1074 2952 1201 3020 viri
1240 2952 1465 3033 docti,
1499 2965 1566 3018 et
1600 2948 1869 3043 publice
1898 2952 2099 3019 etiam
2137 2951 2230 3018 ab
2256 2954 2456 3022 annis

292 3061 825 3158 aliquammultis
860 3062 1181 3157 professi,
1214 3062 1444 3131 omnia
1482 3086 1552 3129 se
1583 3044 1919 3129 exactiora
1961 3060 2258 3130 daturos
2290 3062 2456 3148 Sed,

295 3190 379 3243 ut
428 3200 533 3243 res
576 3174 841 3258 docuit,
896 3174 1227 3249 Lucinam
1277 3170 1690 3256 clamarunt,
1726 3152 1908 3263 duod
1949 3168 2060 3239 ille
2107 3172 2247 3256 ait,
2312 3172 2456 3242 fetu

297 3283 605 3353 nondum
654 3298 1009 3380 concepto.
1094 3286 1227 3353 Eos
1276 3297 1502 3351 autem
1550 3280 1711 3348 dum
1753 3306 1886 3384 ego
1925 3296 2278 3374 exspecto,
2337 3259 2500 3351 nec⁶

299 3394 469 3463 mihi
508 3394 779 3469 interim
812 3393 1011 3462 aliam
1051 3394 1317 3488 copiam
1345 3416 1535 3487 parc,
1573 3390 1674 3474 fit,
1712 3406 1786 3459 ut
1824 3390 1968 3459 haec
1997 3392 2198 3459 etiam
2226 3392 2454 3476 editi0,

300 3503 390 3571 ab
428 3506 649 3596 operis
692 3504 1033 3597 expedita,
1064 3505 1309 3572 iterum
1357 3518 1476 3571 aut
1523 3504 1667 3570 sine
1700 3502 1822 3569 -his
1867 3501 2290 3596 fragmentiS,
2348 3520 2466 3575 aut

299 3612 473 3681 facie
503 3612 629 3679 ista
666 3612 890 3705 priore
914 3638 995 3683 ac
1021 3613 1305 3682 deformi
1336 3612 1661 3706 prodiret.
1702 3611 1910 3699 Quod
1950 3626 2173 3679 tamen
2213 3629 2466 3683 utrum-

300 3746 437 3817 que
474 3736 539 3790 et
563 3746 601 3789 a
626 3724 885 3793 comico
925 3739 1156 3793 nostro
1188 3740 1255 3791 et
1288 3748 1325 3789 a
1354 3748 1461 3789 me
1512 3722 1768 3793 editore
1803 3720 2041 3814 procul
2077 3721 2464 3791 habendum

300 3831 558 3901 censui.
604 3829 772 3901 Aliis
810 3834 1038 3927 itaque
1089 3820 1606 3921 cun'ctantibuS,
1649 3847 1766 3900 aut
1811 3856 2086 3924 prorsus
2126 3831 2298 3900 forte
2348 3860 2471 3902 no-

302 3942 641 4027 lentibus,
686 3968 811 4038 ego
852 3944 1024 4013 hanc
1060 3969 1333 4037 operam
1373 3968 1634 4010 sumere
1668 3955 1937 4011 coactus
1985 3940 2079 4009 fui
2118 3967 2134 4009 ε
2173 3944 2360 4037 quod
2401 3948 2469 4015 in

300 4052 521 4147 priori
548 4050 842 4120 editione
870 4079 907 4121 a
936 4080 1041 4122 mc
1070 4052 1215 4121 fieri
1254 4053 1560 4120 debuisse
1581 4105 1600 4137 ,
1641 4077 1763 4145 per
1804 4051 2150 4143 epistolam
2182 4054 2480 4149 Scaliger

299 4158 871 4255 expostulaverat.
902 4165 1270 4256 Quumque
1304 4163 1391 4231 ad
1420 4162 1619 4231 finem
1652 4174 1981 4254 spectaret
2018 4164 2484 4258 typographus

464 4289 615 4353 III.
2091 4282 2182 4353 33
