3067 5017
784 487 1117 555 ACTUS
1167 487 1256 572 V,
1310 488 1656 557 SCENA
1706 492 1856 559 ΙΙΙ.
2301 494 2394 567 83

259 632 495 679 mum.
535 607 778 701 Specie
806 622 1118 695 venusta,
1155 630 1274 675 ore
1310 632 1522 702 parvo
1551 624 1755 706 atque
1789 612 2002 682 oculis
2035 618 2390 712 pernigris.

258 744 417 789 BAN.
448 722 767 789 Formam
800 716 1073 812 quidem
1095 771 1115 803 ‚
1152 717 1373 788 hercle
1399 772 1419 806 ‚
1464 721 1684 789 verbis
1720 722 2024 817 depinxti
2054 728 2242 797 mihi.

255 852 490 898 Mirm.
526 826 689 898 Vin’
725 852 873 895 eam
901 826 1171 897 videre?
1204 852 1378 899 HAN.
1421 828 1622 898 Filias
1660 832 1838 902 malo
1877 858 2080 905 meaS.
2317 856 2392 895 1³⁵

256 938 371 1006 Sed
406 939 470 1026 i,
505 952 709 1032 atque
746 962 947 1007 evoca
984 936 1167 1007 illam
1190 992 1209 1025 ,
1254 940 1308 1007 si
1346 964 1438 1007 eae
1478 964 1644 1009 meae
1681 956 1838 1011 sunt
1878 941 2052 1015 filiae.

256 1048 317 1114 Si
349 1045 618 1117 illarum
662 1062 765 1117 est
807 1048 1067 1136 nutrix,
1114 1072 1221 1116 me
1265 1050 1594 1117 continuo
1631 1053 1880 1145 gnorit.

255 1178 489 1226 ΜιιΡΗ.
529 1160 719 1226 Heus
751 1153 765 1225 !
812 1158 1039 1252 ecquis
1076 1158 1225 1228 heic
1262 1159 1413 1229 est?
1446 1161 1766 1229 nunciate
1798 1177 1877 1231 ut
1916 1167 2198 1259 prodeat

254 1268 443 1337 Foras
482 1268 906 1367 Giddeneme
939 1293 956 1338 z
988 1283 1089 1338 est
1122 1269 1241 1363 qui
1282 1267 1469 1338 illam
1507 1286 1910 1341 conventam
1951 1300 2091 1346 esse
2125 1276 2292 1349 volt.

821 1479 1237 1569 SCENA
1308 1478 1813 1566 TERTIA.

379 1724 971 1806 GIDDENEME‚
1020 1720 1446 1809 MILPHIO,
1498 1725 1857 1813 HANNO,
1909 1731 2168 1811 AGOR
2180 1739 2266 1805 Α-

934 1846 1372 1931 srocfflS,
1420 1847 1685 1916 PUER.
1928 1870 1933 1884 ,

245 2092 439 2139 cml).
484 2069 662 2158 Quis
703 2066 983 2163 pultat?
1017 2090 1270 2135 muru.
1319 2066 1460 2155 Qui
1493 2080 1559 2133 te
1601 2090 1972 2161 proxumus
2014 2088 2138 2145 est.
2175 2100 2383 2148 omn.

527 2178 716 2268 Quid
747 2176 899 2247 vis?
930 2199 1185 2247 MlLPH.
1223 2174 1407 2258 Eho,

242 2288 613 2363 Gnovistin'
646 2302 725 2357 tu
760 2285 972 2357 illunc
1004 2288 1379 2356 tunicatum
1418 2284 1794 2375 hominem,
1827 2291 1944 2384 qui
1981 2293 2152 2363 siet?

240 2426 434 2472 cml).
474 2402 650 2471 Nam
685 2423 885 2493 quem
920 2422 1047 2492 ego
1082 2392 1413 2490 adspicio!
1453 2400 1588 2465 Pro
1623 2422 1934 2491 supreme
1957 2404 2264 2499 Jupiter!

237 2516 445 2581 Herus
484 2536 673 2579 meus
712 2510 824 2577 hic
859 2508 1131 2603 quidem
1167 2523 1307 2597 est,
1347 2532 1650 2577 mearum
1680 2507 2105 2585 alumnarum
2139 2532 2365 2613 pater,

236 2628 471 2693 Hanno
509 2620 1109 2733 Carthaginiensis.
1148 2642 1403 2689 M1LPH.
1440 2623 1616 2688 Ecce
1645 2634 1870 2689 autem
1906 2622 2124 2695 mala!
2359 2648 2384 2686 ⁵

234 2726 684 2827 Praestigiator
725 2729 840 2800 hic
878 2729 1151 2825 quidem
1196 2732 1446 2797 Poenus
1487 2729 1729 2822 probu’
1731 2744 1833 2817 st,

233 2843 544 2913 Perduxit
587 2839 846 2909 omneis
880 2838 965 2908 ad
1006 2862 1194 2907 suam
1234 2838 1655 2908 sententiam.

234 2978 426 3025 cion.
480 2956 544 3022 Ο
590 2952 682 3019 mi
720 2951 917 3033 here,
954 2948 1166 3036 salve,
1204 2952 1449 3017 Hanno
1472 3000 1491 3033 ,
1535 2950 2080 3043 insperatissume

234 3066 399 3134 Mihi
446 3063 717 3155 tuisque
764 3060 920 3130 filiis
946 3113 967 3145 ‚
1010 3057 1227 3127 salve:
1266 3071 1468 3153 atque
1503 3056 1636 3125 eho

233 3174 463 3244 Mirari
500 3170 679 3255 noli,
724 3194 942 3265 neque
986 3193 1095 3237 me
1139 3166 1682 3262 contemplarier.

234 3278 667 3380 Congnostin’
694 3278 1155 3350 Giddenemen
1186 3275 1497 3347 ancillam
1536 3280 1776 3349 tuam?

232 3420 395 3467 BAN.
433 3392 709 3465 Gnovi:
750 3390 865 3459 sed
903 3390 1022 3459 ubi
1058 3402 1215 3457 sunt
1251 3412 1415 3457 meae
1449 3389 1720 3481 gnatae?
1759 3389 1825 3458 id
1868 3391 2037 3460 scire
2063 3382 2332 3489 expeto.

233 3528 425 3576 amn.
441 3501 646 3597 Apud
670 3500 879 3569 aedem
898 3499 1207 3570 Veneris.
1228 3494 1403 3569 HAN.
1422 3498 1609 3585 Quid
1629 3498 1722 3566 ibi
1737 3498 2035 3570 faciunt?
2053 3499 2160 3572 dic
2184 3507 2374 3579 mihi.

231 3698 322 3764 lor,
372 3708 451 3750 est
495 3694 676 3748 fuscus
725 3704 779 3745 et
826 3691 1082 3761 subniger
1122 3708 1137 3741 ε
1179 3690 1250 3743 ab
1340 3707 1440 3743 vus
1476 3687 1576 3742 ubi
1610 3688 1794 3759 posuit
1827 3690 2067 3762 Neptuni
2109 3694 2256 3751 filius
2281 3718 2376 3755 ur·

230 3796 354 3850 aqua
377 3775 713 3841 nominatus,
731 3774 882 3843 cujus
904 3772 1055 3823 color
1075 3786 1253 3842 neque
1338 3769 1466 3820 hem
1516 3793 1566 3821 ι.
1624 3769 1861 3839 Aquilam
1893 3772 2106 3841 fluctum
2134 3816 2151 3840 ,
2211 3780 2368 3849 μέλα,

234 3858 373 3911 albus
398 3872 581 3927 neque
614 3853 793 3924 niger,
835 3850 934 3905 sed
975 3851 1250 3915 incertus,
1338 3842 1505 3919 ὕδωρ,
1531 3860 1725 3918 poetae.
1751 3846 1970 3904 Scuto.

233 3938 305 3990 vel
344 3938 505 3991 etiam
552 3933 806 4004 nigrior.
856 3928 1002 3984 unde
1042 3888 1251 4001 Aquili}
1429 3926 1559 3981 156.
1583 3926 1669 3991 Si,
1692 3942 1790 3981 etc.
1816 3927 1994 3985 Sciam
2019 3951 2100 3986 an
2111 3954 2213 3997 eae,
2244 3951 2343 3994 eto

230 4033 550 4087 praenomen.
581 4012 952 4066 Glossarium.
986 4011 1160 4081 μέλαν,
1189 4012 1253 4070 ὡς
1344 4014 1347 4019 “
1430 4027 1483 4062 1.
1514 4009 1606 4061 Te.
1639 4008 1907 4072 Quartum
1946 4030 2125 4067 casum
2153 4022 2371 4088 posuit,

234 4099 521 4158 Λουκίλλιος.
547 4094 777 4145 Varro:
815 4091 1041 4161 ‘Atque
1062 4092 1257 4160 AEgeus
1345 4086 1499 4160 quasi
1521 4097 1658 4140 esset
1669 4106 1838 4158 prope.

234 4174 389 4231 fluctu
414 4192 577 4248 quam
605 4170 740 4227 lavit
771 4183 894 4223 ante
916 4168 1131 4241 aquilo,
1154 4168 1259 4221 Sae·
1432 4185 1485 4234 9.
1521 4166 1704 4229 Filias,
1737 4186 1839 4238 pro
1862 4168 2090 4225 filiabus

2059 4268 2128 4338 6.
