3067 5017
611 420 706 514 74
1391 411 1981 492 POENULUS‚

569 539 828 633 ‚Lipho
863 549 1058 606 canet
1094 530 1260 627 h'yth
1296 534 1611 627 hymithii
1644 532 1728 601 ad
1768 531 1947 601 aedin
1981 529 2317 623 bynuthii.

604 647 953 743 Byrnarob
995 641 1160 739 syllo
1196 640 1591 711 homalonin
1629 639 2221 736 uby'misyrthoho

604 756 913 853 Bythlym
953 755 1256 847 inothym
1291 753 1621 821 noctothii
1664 750 2045 821 nelechanti
2081 751 2575 821 daschmachon
2733 770 2757 809 ⁵

537 864 544 871 ’
603 867 908 939 Yssidele
949 867 1122 963 brim
1169 862 1327 957 tyfel
1361 863 1482 957 yth
1522 862 1749 958 chylys
1791 862 2007 948 chon,
2044 876 2219 947 tem,
2261 860 2474 954 liphul

604 980 749 1049 Uth
789 978 1022 1073 bynim
1058 975 1332 1070 ysdibut
1375 974 1619 1042 thinno
1664 974 1828 1043 cuth
1868 999 1961 1042 nu
2003 972 2465 1069 Agorastocles

529 1104 539 1115 ‘
600 1090 782 1159 Ythe
817 1100 1048 1156 manet
1084 1085 1195 1179 ihy
1228 1084 1480 1177 chyrsae
1518 1082 1755 1179 lycoch
1794 1084 1928 1153 sith
1960 1099 2123 1153 naso

605 1200 824 1295 Byuni
871 1198 940 1265 id
983 1194 1114 1265 chil
1159 1193 1350 1263 luhili
1399 1195 1699 1289 gubylim
1739 1195 2011 1265 lasibith
2063 1194 2236 1263 thim

604 1306 926 1403 Bodyalyt
966 1306 1218 1399 herayn
1250 1328 1388 1397 nyu
1429 1328 1601 1399 nuys
1656 1303 1791 1399 lym
1837 1306 2161 1374 mone-oth
2199 1303 2397 1373 lusim

605 1417 959 1487 Exanolim
993 1413 1275 1484 volanus
1317 1416 1725 1483 succuratim
1759 1415 1938 1484 misti
1978 1415 2255 1483 atticum
2301 1438 2441 1483 esse

605 1528 1058 1599 Concubitum
1101 1548 1138 1591 a
1182 1520 1362 1590 bello
1401 1525 1623 1593 eutius
1660 1526 1867 1595 beant
1908 1523 2199 1594 lalacant
2235 1524 2454 1590 chona
2490 1547 2655 1591 enus
2688 1548 2761 1591 es

609 1642 826 1715 Huiec
865 1636 1024 1707 silec
1055 1659 1332 1729 panesse
1358 1634 1901 1705 arthidamascon
1940 1634 2109 1704 alem
2146 1632 2500 1702 induberte
2537 1632 2763 1703 felono

898 1748 1228 1816 buthume

604 1856 874 1929 Celtum
923 1881 1240 1927 comucro
1278 1858 1460 1927 lueni
1487 1912 1504 1945 ,
1544 1870 1615 1925 at
1660 1856 1840 1923 enim
1890 1879 2093 1923 avoso
2130 1853 2301 1922 uber
2338 1853 2503 1921 bent
2544 1852 2761 1949 hyach

900 1969 1304 2039 Aristoclem

603 2077 690 2143 Et
708 2098 777 2143 se
801 2088 867 2143 te
895 2078 1148 2147 aneche
1176 2076 1541 2149 nasoctelia
1560 2076 1763 2146 elleos
1789 2072 2043 2143 alemus
2067 2072 2385 2142 duberter
2411 2074 2506 2141 mi
2530 2099 2761 2169 comps

904 2189 1146 2281 vespiti
2724 2203 2767 2241 ¹⁵

603 2293 962 2365 Aodeanec
995 2296 1192 2367 lictor
1226 2298 1433 2368 hodes
1463 2300 1726 2392 jussum
1765 2292 2240 2364 limnimcolus.

597 2408 778 2473 Deos
813 2404 1096 2500 deasque
1142 2434 1446 2495 veneror,
1492 2408 1609 2502 qui
1646 2408 1821 2477 hanc
1866 2407 2105 2475 urbem
2148 2403 2418 2491 colunt,

600 2518 729 2601 Ut,
761 2516 943 2608 quod
984 2516 1066 2585 de
1104 2542 1253 2586 mea
1291 2544 1362 2587 re
1397 2519 1532 2586 huc
1575 2517 1765 2599 veni,
1810 2517 1937 2584 rite
1972 2516 2304 2603 venerim3
2384 2546 2389 2551 ·

599 2628 922 2719 Measque
960 2643 1036 2696 ut
1074 2643 1349 2723 gnatas,
1393 2643 1462 2698 et
1497 2630 1629 2696 mei
1674 2626 1900 2696 fratris
1938 2624 2191 2711 filium,

605 2828 778 2863 errem
817 2811 926 2863 huc
965 2812 1128 2878 illuc,
1169 2793 1300 2883 quin
1347 2812 1528 2883 potius
1575 2813 1633 2865 in
1722 2812 1897 2863 filium
1916 2810 2268 2863 Aristoclem:
2331 2796 2341 2879 Ι
2381 2811 2601 2862 Attente
2626 2806 2761 2861 audi

601 2890 787 2943 liberis
824 2891 956 2943 meis
986 2891 1233 2956 innover,
1261 2905 1314 2945 et
1338 2890 1636 2962 rependam
1722 2890 2159 2944 lamentationem
2210 2889 2391 2953 istam,
2449 2890 2595 2941 Deus
2644 2907 2762 2941 mea

605 2968 750 3033 dona
775 2982 830 3023 et
857 2971 1154 3024 oblationes
1177 2972 1272 3024 Dis
1297 2970 1638 3042 deabusque,
1726 2971 1972 3041 potentia
1987 3009 2003 3034 ,
2024 2970 2213 3022 festina
2237 2968 2307 3021 ad
2334 2969 2615 3022 veritatem
2638 2987 2763 3021 ver·-

607 3068 742 3120 quos
789 3052 1038 3103 invocavi
1081 3052 1415 3104 consultores
1451 3065 1504 3104 et
1546 3050 1639 3103 ad·
1726 3052 1785 3103 bi
1830 3050 2165 3103 exaltationis
2201 3067 2367 3114 meae,
2410 3068 2443 3101 o
2484 3049 2662 3113 Deus,
2710 3060 2765 3100 et

601 3131 808 3199 jutores
849 3130 1009 3194 mihi,
1086 3122 1096 3199 Ι
1161 3129 1247 3182 Ad
1309 3129 1638 3183 lustrandam
1730 3130 2013 3183 cessabunt
2040 3129 2371 3199 sterquilinia
2392 3146 2525 3181 mea.
2571 3117 2581 3196 Ι
2623 3128 2762 3181 Ecce

607 3208 832 3262 domum
860 3228 1032 3261 meam
1060 3230 1090 3263 a
1117 3209 1332 3267 dolore,
1379 3230 1488 3282 quo
1519 3211 1647 3263 affe-
1732 3209 1984 3279 deinceps
2020 3208 2089 3261 tle
2126 3210 2259 3273 meis
2290 3206 2627 3261 facultatibus
2664 3206 2765 3259 ho-

610 3302 726 3341 ctus
750 3308 866 3341 sum
889 3308 1056 3360 quum
1076 3290 1198 3342 illos
1220 3288 1513 3343 laudarem.
1535 3288 1664 3358 Sed·
1734 3308 1925 3342 norem
1956 3288 2165 3342 habebo
2186 3327 2203 3353 ‚
2250 3288 2551 3342 sacrificans
2577 3288 2656 3339 far
2680 3285 2764 3338 dis

539 3415 549 3425 .
607 3370 910 3422 orationem
955 3388 1068 3421 non
1117 3382 1436 3441 acceperunt
1455 3409 1472 3435 ‚
1511 3370 1647 3423 affli-
1731 3369 1983 3421 omnibus
2000 3408 2015 3433 ,
2040 3382 2093 3422 et
2118 3366 2343 3422 laudans
2363 3394 2411 3421 ι.
2436 3369 2517 3419 Ita
2556 3366 2763 3419 Petitus

609 3448 986 3519 ctissimusque
1029 3468 1145 3500 suin
1179 3463 1232 3502 et
1269 3450 1508 3503 animum
1554 3449 1643 3502 de-
1730 3449 1899 3501 lib.II
1926 3450 2419 3507 Miscellaneorum‚
2448 3464 2496 3500 c.
2523 3467 2575 3512 2,
2598 3464 2760 3517 quem

609 3527 866 3599 spondeo.
914 3518 923 3598 Ι
965 3529 1154 3599 Ospes
1173 3548 1316 3595 mea,
1347 3530 1454 3583 huc
1477 3530 1637 3582 veni:
1726 3528 2187 3599 'interpretationis
2232 3530 2391 3599 hujus
2436 3545 2543 3579 suae
2598 3526 2762 3579 ratio-

610 3619 663 3661 et
707 3608 800 3678 qui
841 3626 926 3661 me
972 3628 1206 3680 cumque
1249 3623 1426 3661 manet
1468 3610 1641 3675 labor,
1730 3626 1851 3662 nem
1873 3607 2185 3687 reddentem
2204 3607 2347 3669 vide.

605 3686 850 3757 perferre
878 3689 1067 3755 facito,
1094 3690 1306 3743 animos
1334 3708 1481 3743 sume
1500 3709 1530 3742 a
1553 3708 1643 3742 ve·
1818 3708 1905 3758 17.
1949 3689 2177 3741 Veneror.
2214 3690 2299 3741 Cf.
2325 3686 2520 3739 Bacch.
2546 3687 2681 3749 11,1,
2702 3692 2759 3749 4.

606 3766 764 3819 ritate
791 3769 996 3821 oraculi
1035 3782 1088 3821 et
1124 3788 1504 3839 responsorum
1543 3769 1642 3822 Dei
1817 3769 1917 3822 18„
1938 3768 2037 3833 Ut,
2068 3768 2229 3839 quod,
2270 3781 2369 3820 etc.
2400 3766 2476 3819 Ut
2501 3784 2585 3819 res
2610 3784 2725 3817 mea
2744 3804 2760 3827 ‚

607 3851 744 3911 Ταῦ,
773 3864 802 3899 a
824 3846 1278 3913 divinationibus,
1313 3862 1366 3901 et
1392 3850 1643 3915 ostentis,
1734 3850 1885 3919 cujus
1918 3866 2092 3901 zcausa
2146 3848 2255 3901 huc
2306 3846 2458 3912 veni,
2504 3864 2762 3915 prospere

609 3925 980 3999 prodigiisque
1001 3947 1022 3981 τ
1057 3918 1068 3999 Ι
1115 3929 1356 3981 Numero
1388 3926 1649 3998 adimple·
1738 3928 1908 3981 cedat.
1936 3929 2011 3982 Ut
2048 3928 2269 3981 feliciter
2292 3927 2559 3991 venerim,
2584 3922 2761 3995 quoad

608 4026 669 4060 re
699 4027 711 4057 ε
757 4008 902 4077 erige
941 4022 994 4060 te
1012 4047 1027 4072 ,
1067 4022 1118 4063 et
1149 4028 1386 4081 precare.
1426 4008 1650 4061 Utinam
1740 4008 1859 4063 veni
1885 4006 1952 4061 de
1974 4026 2089 4061 mea
2110 4026 2187 4061 re.
2217 4009 2285 4060 N.

607 4086 946 4141 exaudiant!
996 4089 1217 4142 facessat
1257 4088 1474 4143 dolor-a
1499 4088 1667 4160 patre‘
1828 4106 1917 4158 19.
1958 4089 2155 4141 Fratris
2184 4086 2379 4157 filium,
2428 4102 2589 4156 quem
2634 4102 2763 4137 mox

609 4166 873 4237 religioso
897 4202 914 4231 ‚
984 4183 1040 4223 et
1097 4167 1407 4240 dignoscam
1475 4170 1653 4223 fratris
1740 4182 1985 4239 agnoscet
2000 4166 2417 4238 Agorastoclem.
