3067 5017
1059 324 1166 334 ffl-

1047 335 1058 374 <

565 401 710 484 luo
1327 399 1933 485 TRINUMUS,

556 527 696 592 Aut
722 520 1014 615 aliquem
1039 519 1124 588 ad
1159 545 1380 615 regem
1415 521 1484 589 in
1515 523 1819 617 saginam
1849 521 2055 589 herus
2088 544 2159 592 se
2188 521 2485 615 conjexit
2512 547 2729 596 meus·

557 632 778 704 Credo
819 631 905 700 ad
943 656 1240 700 summos
1281 630 1639 702 bellatores
1678 657 1895 702 acrem
1936 631 2300 726 fugitorem
2344 633 2524 721 fore3

557 747 646 814 Et
689 757 1056 838 capturum
1109 739 1318 834 spolia
1373 741 1468 810 ibi
1522 741 1785 811 illum...
1822 742 1940 835 qui
1998 766 2148 810 meo
2190 742 2358 811 hero
2402 743 2729 814 advorsus

861 852 1142 920 venerit.

559 967 848 1058 Egomet
894 953 1120 1030 autem
1184 986 1393 1054 quom
1437 959 1774 1055 extemplo
1828 987 2057 1032 arcum
2104 961 2309 1048 mihi,
2356 977 2425 1032 et
2476 965 2725 1059 phare—

853 1086 1070 1154 tram,
1111 1085 1180 1138 et
1217 1071 1492 1165 sagittas
1527 1095 1837 1140 sumsero
1866 1125 1885 1159 ,
2033 1072 2043 1091 '

559 1182 956 1252 Cassidem
941 1208 1011 1249 m
1053 1195 1329 1274 caput...
1379 1181 1692 1250 dormibo
1732 1181 2052 1275 placide
2036 1207 2106 1251 m
2150 1182 2611 1272 tabernaculo,
2646 1219 2725 1245 ιοο

367 1345 384 1354 ·
485 1289 490 1292 ⁴
557 1293 666 1365 Ad
699 1293 921 1362 forum
960 1293 1106 1378 ibo;
1147 1292 1392 1361 nudius
1428 1308 1652 1362 sextus
1682 1294 1845 1386 quoi
1884 1293 2217 1362 talentum
2258 1309 2575 1363 mutuum

561 1404 783 1492 Dedi,
812 1429 1192 1498 reposcam,
1221 1419 1298 1472 ut
1322 1403 1607 1472 habeam
1629 1429 1893 1480 mecum
1929 1403 2113 1498 quod
2143 1404 2353 1474 feram
2389 1405 2729 1475 viaticum.

1133 1671 1572 1760 SCENA
1637 1671 2164 1758 TERTIA.

989 1888 1672 1963 MEGARONIDES
1694 1945 1712 1979 ‚
1761 1895 2289 1964 CALLICLES.

560 2129 736 2174 Meo.
782 2109 877 2175 Ut
919 2105 1084 2172 mibi
1127 2128 1397 2190 narras,
1437 2102 1777 2188 Callicle5‚
1816 2104 2005 2174 nullo
2048 2107 2253 2176 modo

556 2219 784 2284 Potest
821 2215 963 2282 fieri
1009 2237 1314 2309 prorsuS‚
1362 2216 1527 2308 quin
1566 2215 1686 2282 dos
1722 2215 1918 2283 detur
1960 2217 2226 2310 virgini.

558 2349 759 2397 GALL.
798 2327 1142 2419 Namque,
1182 2323 1442 2410 hercle,
1484 2326 1764 2394 honeste
1800 2325 1945 2394 fieri
1986 2327 2195 2396 ferme
2240 2353 2376 2396 non
2417 2341 2678 2422 potest,

560 2440 657 2506 Ut
693 2461 839 2504 eam
887 2436 1228 2529 perpetiar
1269 2437 1363 2502 Ire
1407 2437 1475 2503 in
1521 2438 2031 2505 matrimonium
2080 2455 2089 2462 '

557 2547 716 2616 Sine
763 2546 961 2632 dote,
1007 2572 1210 2640 quom
1253 2547 1396 2638 ejus
1441 2571 1577 2614 rem
1628 2572 1831 2640 penes
1870 2573 1976 2616 me
2014 2548 2301 2615 habeam
2336 2548 2542 2618 domi.
2704 2569 2731 2608 5

558 2679 736 2726 MEG.
770 2658 1009 2724 Parata
1050 2656 1168 2724 dos
1203 2653 1516 2737 domi’st‚
1553 2656 1681 2723 nisi
1719 2673 2103 2751 exspectare
2146 2659 2241 2726 vis
2265 2711 2284 2744 ‚

559 2770 656 2836 Ut
691 2791 832 2834 eam
875 2767 1016 2834 sine
1059 2767 1214 2834 dote
1259 2766 1465 2833 frater
1507 2767 1797 2834 nubtum
1841 2767 2196 2836 conlocet:

557 2879 716 2944 Post
763 2876 957 2944 adeas
995 2890 1136 2944 tute
1172 2875 1595 2960 Philtonem,
1640 2891 1704 2944 et
1748 2876 1971 2945 dotem
2013 2877 2174 2945 dare

558 2989 653 3056 Te
699 2989 756 3055 ei
806 2988 1024 3073 dicas;
1073 2988 1289 3056 facere
1334 2987 1402 3054 id
1436 2988 1579 3080 ejus
1621 2987 1707 3054 ob
1749 2989 2115 3056 amicitiam
2159 2988 2391 3081 patris,

559 3103 816 3167 Verum
856 3098 984 3166 hoc
1023 3119 1148 3192 ego
1187 3123 1444 3181 vercor,
1484 3122 1569 3164 ne
1606 3096 1787 3165 istaec
1824 3094 2223 3190 pollicitatio
2680 3131 2733 3156 ιο

556 3211 652 3276 Te
691 3208 754 3274 in
805 3207 1062 3275 crimen
1100 3206 1354 3300 populo
1397 3221 1608 3300 ponat
1648 3221 1851 3300 atque
1901 3205 2270 3274 infamiam.
2536 3214 2538 3216 ’

559 3431 771 3484 Calones
797 3428 1072 3493 dicuntur,
1099 3429 1189 3500 qui
1229 3429 1489 3482 militibus
1525 3427 1593 3479 li·
1766 3448 1863 3499 97.
1883 3429 1991 3482 Ad.
2019 3429 2137 3482 Mil.
2157 3429 2214 3492 Ῑ,”
2242 3447 2293 3492 1,
2321 3446 2410 3480 12.

561 3529 665 3580 gna
708 3509 1142 3579 suppeditabant,
1186 3523 1242 3560 ut
1279 3511 1448 3566 Line,
1499 3509 1593 3578 qui
1766 3511 1857 3576 98.
1903 3511 1977 3562 Et
2013 3523 2265 3578 capturum
2292 3509 2450 3577 ,spolia
2474 3508 2545 3558 ibi
2565 3507 2725 3560 illum.

553 3609 766 3659 aquam,
792 3609 950 3659 quam
979 3602 1180 3640 veteres
1201 3589 1350 3640 liram
1378 3587 1590 3640 dixere:
1685 3587 1851 3640 Ludit
1874 3589 2239 3660 amphibolia3
2275 3605 2399 3640 nam
2430 3588 2579 3640 illum
2608 3607 2732 3640 cre-

559 3670 642 3721 vel
671 3671 862 3721 calones
882 3710 894 3730 ‚
924 3669 1046 3740 quia
1074 3669 1270 3736 ligneas
1293 3671 1467 3720 clavas
1493 3687 1595 3739 pro
1684 3666 1777 3720 das
1843 3670 2121 3740 hucusque
2181 3668 2410 3738 intelligi
2464 3667 2730 3720 Lesboni-

553 3749 718 3801 tutela
746 3749 1092 3801 dominorum
1127 3749 1382 3816 gerebant
1413 3765 1426 3800 τ
1457 3767 1583 3800 nam
1686 3766 1807 3800 cum
1828 3788 1843 3812 ,
1894 3749 1983 3819 qui
2027 3767 2211 3801 sensus
2240 3749 2381 3818 παρὰ
2416 3743 2729 3818 προσδοκίαν

557 3831 694 3898 ligna
717 3833 848 3881 κᾶλα
873 3839 1148 3880 vocarunt.
1171 3829 1326 3882 Son„
1685 3829 2037 3881 convertitur.
2092 3893 2095 3898 .
2556 3877 2561 3882 .

639 3913 732 3977 96.
759 3909 817 3960 Ia
843 3913 1087 3977 saginum.
1115 3908 1221 3972 Qui
1251 3907 1524 3978 saginetur
1558 3926 1586 3958 a
1776 3924 1893 3959 100.
1942 3907 2197 3960 Dormiho.
2237 3907 2444 3960 Pariter
2472 3919 2532 3960 ut
2562 3925 2733 3976 supra

551 4005 694 4057 rege,
715 4000 898 4056 utpote
919 3987 1220 4040 conductus
1242 3988 1408 4040 miles,
1427 3988 1590 4058 Egre·
1682 3987 1894 4058 joculus
1924 4000 2114 4058 praeter
2140 3999 2521 4058 exspectatum.

555 4067 642 4138 gie
665 4067 834 4120 Tacit.
863 4067 1056 4120 Histor.
1087 4068 1170 4131 11,
1196 4087 1260 4138 7¹
1289 4085 1303 4120 τ
1340 4068 1514 4122 «luxu
1538 4080 1591 4120 et
1773 4085 1900 4120 101.
1960 4067 2215 4137 Talentum
2280 4079 2512 4120 mutuum.
2573 4065 2732 4118 Infra

553 4147 750 4217 saginae
771 4147 1104 4217 mancipatus
1121 4160 1398 4218 cantusque
1415 4175 1458 4200 a.
1682 4147 1785 4214 IV,
1817 4145 1847 4198 3
1863 4186 1879 4212 ‚
1907 4148 1997 4212 48.
