3067 5017
563 410 666 497 64

1325 414 1935 499 POENULUS‚

565 535 722 606 Pice
763 534 1090 627 signatas3
1125 534 1404 603 nomina
1440 535 1674 605 insunt
1708 537 2016 605 cubitum
2049 534 2269 629 longis
2314 533 2547 606 literis.
2669 558 2716 599 ις

563 648 674 713 Ita
698 644 1124 713 'vinariorum
1161 644 1486 714 habemus
1524 660 1771 715 nostrae
1811 645 2143 715 delectum
2182 630 2390 715 domi.

565 778 821 824 narn.
861 755 1110 823 Omnia
1134 808 1155 841 ,
1195 753 1466 849 edepol,
1507 757 1678 825 mira
1722 771 1911 844 sunt,
1962 758 2090 825 nisi
2126 758 2333 825 herus
2373 757 2559 827 hunc
2593 757 2719 825 hae-

866 863 1090 935 redem
1130 864 1290 935 facit
1305 919 1326 953 ‚

562 978 738 1047 Nam
771 976 830 1043 is
863 974 1136 1069 quidem
1168 974 1297 1063 illi,
1333 991 1410 1045 ut
1441 977 1835 1061 meditatur,
1865 978 2065 1047 verba
2099 977 2261 1047 facit
2288 992 2618 1048 emortuo.

566 1088 656 1154 Et
695 1084 880 1153 adire
925 1082 1110 1153 lubet
1151 1086 1542 1176 hominem,
1599 1103 1671 1158 et
1706 1103 1931 1157 autem
1979 1088 2178 1157 nimis
2214 1113 2369 1157 eum
2414 1084 2719 1156 ausculto

861 1193 1122 1265 lubenS.

570 1329 770 1377 snm.
818 1309 978 1375 Haec
1015 1331 1223 1400 quom
1270 1306 1424 1377 heic
1459 1305 1655 1375 video
1692 1306 1839 1375 fleri
1863 1360 1884 1394 ,
1920 1308 2186 1377 crucior
2221 1306 2457 1399 pretiis
2508 1320 2723 1375 emtos

865 1417 1198 1485 maxumis
1218 1470 1238 1500 ,

571 1523 772 1617 Apud
819 1550 941 1593 nos
983 1523 1434 1619 expeculiatos
1476 1550 1703 1595 servos
1756 1525 1904 1595 fieri
1954 1526 2091 1593 suis
2129 1523 2329 1593 heriS.

570 1634 704 1703 Sed
717 1632 802 1701 ad
814 1649 1224 1728 postremum
1240 1634 1410 1703 nihil
1427 1626 1724 1729 adparet.
1743 1634 1923 1704 Male
1937 1649 2208 1729 partum
2233 1633 2407 1703 male
2422 1632 2722 1729 disperit.

539 1905 547 1913 ,
575 1846 813 1917 epistolas
843 1844 938 1897 hic
967 1844 1288 1919 simpliciter
1330 1846 1607 1917 intelligo,

580 1924 913 1998 γραμματικοὶ
939 1926 1156 1997 ποτήρια
1184 1926 1454 1990 Athenaei,
1486 1944 1609 1997 quae

576 2018 631 2058 01
659 2026 771 2059 11110
797 2005 968 2057 verbo
1001 2006 1262 2058 ἐπιστολαὶ
1291 2006 1398 2058 sint
1431 2004 1606 2059 dictae.

583 2086 802 2139 Mnuns.

669 2168 763 2220 15.
790 2166 911 2216 Pice
951 2166 1190 2233 signatas.
1238 2164 1380 2229 Quia
1408 2176 1468 2217 ut
1497 2164 1609 2235 epi·

591 2246 765 2311 stolae,
793 2244 869 2297 sic
898 2245 1172 2315 ampliora
1196 2245 1395 2315 pariter
1419 2245 1610 2297 clausae

590 2338 644 2379 01
665 2326 954 2395 obsignatae
970 2336 1139 2388 erant,
1159 2324 1297 2377 hanc
1323 2322 1611 2377 ridiculam

589 2404 910 2475 excogitavit
954 2402 1383 2458 similitudinem.
1427 2404 1496 2455 N.
1530 2436 1612 2445 —

589 2486 839 2548 Nomina,
893 2484 1006 2537 scil.
1047 2484 1361 2549 consulum,
1413 2483 1612 2554 quibus

584 2562 800 2617 condita
821 2575 972 2615 erant
983 2564 1126 2615 vina.

672 2648 760 2697 16.
792 2641 850 2693 V
844 2645 1122 2702 inat-iorum,
1152 2653 1232 2695 est
1256 2658 1289 2692 a
1311 2658 1372 2693 re
1389 2640 1609 2692 militari

585 2723 800 2794 quaesita
839 2722 1052 2773 tralatio
1096 2721 1155 2772 in
1190 2738 1324 2772 voce
1359 2720 1611 2772 delectum.

587 2805 671 2855 Eo
698 2801 842 2866 dico,
865 2819 934 2853 ne
959 2801 1078 2871 quis
1105 2800 1240 2851 forte
1265 2797 1334 2851 de
1360 2818 1610 2852 vasorum

587 2881 918 2935 vinariorum
966 2878 1314 2933 multitudine
1353 2880 1613 2949 Syncera-

591 2974 731 3015 stum
778 2960 931 3031 loqui
973 2971 1243 3025 autumet,
1273 2978 1302 3011 a
1343 2958 1611 3011 Lambino

479 3042 488 3047 ’
591 3040 866 3094 inductus.
894 3041 1110 3093 Douzi.
1146 3070 1228 3081 -—
1263 3038 1320 3089 V
1317 3041 1610 3100 inat-iorum

591 3121 960 3191 oenopolarum
973 3118 1178 3172 delecta
1190 3117 1333 3183 vina,
1347 3136 1616 3188 quaecum-

593 3220 701 3272 que
722 3200 781 3251 in
803 3199 1084 3269 oenopoliis
1094 3196 1422 3273 renduntur.
1437 3200 1614 3251 801111.

683 3300 772 3346 ¹7·
807 3280 991 3332 Omnia
1082 3282 1205 3329 mira
1228 3290 1363 3341 sunt,
1393 3277 1616 3331 omnino

595 3360 795 3411 mirum
826 3372 923 3412 est.
955 3388 1029 3399 —
1069 3359 1186 3412 Nisa·
1215 3358 1342 3410 hunc
1384 3358 1619 3411 hamdene

581 3440 736 3506 facit.
753 3438 1091 3491 Invehuntur
1115 3438 1173 3489 in
1203 3438 1466 3489 inscitiam
1495 3438 1618 3491 illo·

591 3518 858 3590 rum,qni
885 3537 948 3570 ex
976 3518 1082 3569 hoc
1107 3516 1228 3569 loco
1254 3516 1620 3586 collegerunt,

591 3600 688 3667 qui
720 3598 872 3651 vivos
898 3596 1142 3663 laudant,
1171 3597 1240 3647 ab
1278 3596 1344 3648 iis
1383 3596 1623 3650 haeredes

591 3677 914 3749 plerumque
949 3677 1134 3729 scribi.
1185 3676 1299 3747 Ipsi
1343 3675 1417 3728 sic
1451 3676 1623 3729 inter·

587 3769 902 3825 pretantur:
930 3756 1162 3821 Mirum,
1189 3756 1236 3807 si
1271 3756 1431 3827 hujus
1460 3756 1623 3809 herus

589 3836 714 3889 leno
749 3837 956 3905 Lycus,
981 3838 1075 3907 qui
1102 3834 1248 3889 haud
1277 3833 1448 3887 dubie
1483 3836 1627 3888 falla-

592 3916 688 3969 ciis
721 3914 852 3968 meis
887 3918 996 3985 jam
1043 3917 1272 3970 moritur
1316 3929 1370 3967 et
1406 3915 1627 3981 interit,

589 3994 740 4048 hunc
757 4014 972 4048 servum
999 4014 1110 4048 non
1146 3995 1274 4048 facit
1300 3992 1611 4047 haeredem.

591 4073 668 4128 ita
689 4075 968 4147 magnifica
989 4075 1046 4127 in
1067 4075 1228 4147 hujus
1248 4075 1398 4128 velut
1419 4075 1619 4127 mortui

595 4153 810 4209 laudem
848 4153 1137 4209 meditatur
1175 4173 1191 4206 ε
1233 4152 1489 4209 credibile
1522 4172 1619 4207 au·

1698 1858 1805 1899 tem
1838 1864 1871 1898 a
1890 1845 2107 1897 nemine
2133 1857 2407 1898 mortuum
2426 1844 2730 1937 ‘impensius

1695 1924 1933 1987 laudari,
1960 1943 2121 2000 quam
2150 1925 2218 1977 ab
2247 1944 2332 1989 e0,
2350 1924 2443 1995 qui
2463 1938 2541 1979 est
2560 1926 2730 1979 haeres

1696 2006 1991 2058 institutus.
2045 2005 2117 2057 Et
2171 2005 2277 2058 1100
2330 2024 2519 2075 parum
2578 2004 2728 2058 scite.

1698 2086 1822 2137 Non
1850 2086 1993 2139 enim
2020 2084 2231 2155 quasvis
2252 2082 2439 2137 laudes
2462 2096 2515 2137 et
2535 2102 2734 2137 sermo-

1698 2184 1795 2217 nes
1834 2165 2089 2217 honestos
2129 2163 2346 2235 respicit
2388 2176 2595 2228 auctor,
2630 2162 2729 2217 sed

1698 2246 1920 2315 proprie
1946 2242 2278 2297 laudationes
2304 2243 2579 2307 funebres,
2606 2258 2730 2314 quo

1700 2323 1969 2377 defunctis
2016 2324 2291 2396 honoratis
2346 2323 2471 2375 viris
2527 2323 2732 2375 fiebant

1699 2424 1799 2476 pro
1841 2404 2047 2457 Rostris
2065 2442 2081 2469 ,
2127 2402 2277 2474 quod
2319 2401 2565 2455 officium
2612 2403 2729 2473 ple·

1700 2502 1931 2554 rumque
1969 2483 2295 2555 peragebant
2326 2480 2585 2535 hoeredes.
2638 2482 2730 2536 Sic

1698 2564 1948 2615 Tiberius
1967 2582 2161 2617 novem
2178 2581 2346 2615 annos
2365 2573 2522 2613 natus
2538 2561 2731 2615 defun-

1700 2650 1847 2693 ctuin
1866 2656 2075 2711 patrem
2103 2661 2205 2713 pro
2228 2642 2434 2694 Rostris
2458 2640 2729 2705 laudavit,

1700 2721 1943 2791 Caligula
1970 2721 2270 2786 Tiberium,
2300 2720 2589 2774 Claudium
2620 2722 2736 2773 Νο-

1698 2819 1781 2852 ro·
1806 2800 2004 2853 Omnia
2028 2800 2162 2853 mira
2187 2813 2339 2864 sunt,
2382 2801 2595 2872 inquit,
2624 2800 2731 2855 nisi

1656 2912 1663 2917 -
1699 2880 1920 2949 Lycus
1902 2898 2009 2949 Jam
2036 2878 2273 2933 moriens
2317 2870 2557 2972 (abierat
2585 2881 2731 2933 enim

1702 2978 1824 3012 cum
1867 2959 1953 3013 his
1988 2960 2165 3013 verbis
2200 2977 2215 3010 =
2264 2960 2512 3013 «amicos
2542 2978 2733 3015 consu-

1700 3040 1839 3105 lam,
1888 3058 1996 3110 quo
2055 3058 2143 3091 me
2196 3036 2361 3091 modo
2408 3037 2733 3109 suspendere

1703 3138 1915 3190 aequum
1964 3130 2217 3175 censeant
2263 3118 2652 3189 potissimum·
2628 3109 2729 3189 ι),
2747 3121 2761 3130 ”

1703 3217 1873 3270 eoque
1895 3211 2270 3254 testamentum
2291 3196 2569 3264 ordinans,
2586 3200 2734 3252 hunc

1704 3296 1872 3349 quum
1890 3279 2117 3331 maxime
2129 3276 2399 3331 haeredem
2415 3278 2570 3332 facit:
2586 3296 2734 3342 nam,

1704 3370 1767 3411 ut
1791 3358 2046 3429 loquitur,
2065 3356 2279 3412 videtur
2294 3374 2473 3411 secum
2492 3356 2737 3411 meditari

1707 3450 1762 3491 et
1828 3438 2209 3501 commentari,
2260 3436 2537 3508 quomodo
2608 3456 2736 3489 mox

1708 3535 1831 3571 cum
1844 3556 1859 3581 ,
1900 3536 2068 3587 quum
2104 3517 2359 3571 efferetur
2372 3556 2390 3583 ,
2419 3516 2735 3571 laudaturus

1704 3596 1790 3650 sit.
1816 3597 2000 3652 Gnort.

1798 3695 1820 3728 1
1834 3695 1889 3744 9.
1918 3678 1993 3728 Et
2022 3688 2181 3727 autem
2208 3679 2351 3729 nimis
2376 3676 2597 3729 ausculto
2626 3674 2731 3727 tub.

1710 3756 1917 3809 Tamen
1958 3756 2307 3811 libentissime
2345 3756 2605 3809 ausculto.
2650 3785 2735 3797 —-·
2786 3768 2795 3771 ’

1712 3836 1890 3889 Nimis.
1915 3836 2183 3907 Amphitr.
2204 3837 2259 3901 Ῑ,
2290 3855 2343 3899 1,
2378 3835 2469 3891 58.
2494 3833 2733 3905 Milphio

1716 3916 2123 3986 Syncerastum,
2149 3928 2208 3972 ut
2246 3914 2440 3969 Euclio
2482 3910 2737 3985 Megado-

1704 4014 1860 4061 rum,
1881 3996 2062 4049 Aulul.
2082 3997 2192 4056 ΙΙΙ,
2226 3996 2280 4061 5,
2313 4013 2421 4061 υ,
2458 3994 2589 4047 vitia
2612 4011 2735 4062 qun

1706 4074 1871 4128 odit
1854 4094 1973 4146 lpse
1996 4086 2305 4147 carpentem
2332 4071 2574 4127 exaudit.
2603 4072 2673 4125 N.

1795 4175 1889 4209 22.
1910 4153 2029 4209 Sed.
2051 4156 2198 4209 Bene
2218 4153 2471 4226 peculiati
2494 4142 2732 4209 fuerunt·
