3067 5017
479 364 619 463 570
1246 362 1872 455 QUEROLUS,

477 494 781 588 mihique
810 486 1091 576 credite,
1102 490 1289 561 Deus
1302 485 1566 557 facilius
1579 485 1828 572 aditur,
1843 480 2047 580 quam
2062 508 2186 578 pro
2203 482 2456 581 templo
2465 486 2644 581 jani-

480 622 613 681 tor.
638 626 789 673 svc.
814 602 1057 671 Actum
1076 613 1197 687 est,
1229 622 1449 693 neque
1470 598 1632 669 istos
1657 594 1838 687 volo,
1853 594 2158 691 nihilque
2183 597 2360 665 inter
2385 600 2638 685 omnia,

484 740 637 810 quae
670 712 996 796 narrasti,
1026 709 1403 805 improbius
1437 722 1630 802 pute.
1667 730 1872 779 sAnD.
1905 705 2162 777 Felices
2188 731 2308 777 vos
2345 709 2464 802 qui
2501 732 2646 779 non

483 818 995 919 Cynocephalus
1012 819 1405 914 pertulistis.
1421 820 1567 912 Ego
1583 832 1810 888 autem
1840 816 2061 912 ipsum
2076 816 2212 888 vidi
2241 816 2646 905 Cerberum,

484 935 601 1006 ubi
651 934 780 1003 nisi
832 956 1059 1015 ramus
1106 954 1353 1003 aureus
1408 928 1772 1016 adfuisset,
1824 931 2066 1002 AEneas
2115 953 2256 999 non
2320 945 2642 999 evaserat.

482 1066 635 1115 src.
670 1041 859 1133 Quid
890 1040 974 1111 de
1011 1039 1265 1111 simiis?
1296 1064 1577 1111 MANDR.
1620 1042 1776 1114 Istae
1805 1054 1995 1127 sunt,
2030 1064 2180 1135 quae
2217 1036 2450 1111 futura
2482 1041 2647 1111 scri·
2735 1099 2750 1109 ,.

482 1154 659 1225 bunt
694 1166 921 1247 gesta,
978 1176 1126 1246 quae
1169 1176 1287 1227 vos
1331 1150 1554 1225 dicitis
1591 1177 1608 1221 z
1647 1149 2137 1245 hominumque
2183 1150 2323 1225 fata
2382 1149 2648 1222 levibus

484 1262 766 1333 volvunt
784 1264 1089 1357 paginis.
1115 1288 1253 1332 non
1280 1261 1559 1357 quidem
1590 1260 1968 1356 periculosa
1995 1262 2138 1335 haec
2163 1260 2501 1351 animalia,
2525 1260 2648 1333 sed

485 1373 767 1446 molesta
791 1386 995 1467 atque
1023 1374 1353 1468 improba.
1383 1374 1576 1463 Quas
1603 1372 1744 1443 illic
1775 1398 2018 1443 sannas
2039 1426 2061 1461 ‚
2085 1398 2256 1467 quos
2291 1373 2648 1468 corymbos

486 1464 755 1571 videaS,
810 1483 867 1553 si
904 1510 1149 1559 numos
1190 1510 1330 1555 non
1362 1483 1772 1579 asperseris?
1809 1484 1986 1555 Nam
2025 1483 2080 1553 si
2129 1484 2406 1578 insuper
2439 1508 2650 1556 nuces

487 1610 557 1666 et
573 1594 773 1665 sorba
803 1594 1099 1679 dederis,
1124 1621 1397 1665 omnem
1431 1593 1768 1691 pupillum
1798 1594 2074 1689 ceperis.
2105 1618 2252 1667 stc.
2279 1595 2650 1690 Harpyias,

485 1730 755 1800 quaeso,
778 1706 1170 1798 praeteristi,
1198 1730 1353 1800 quae
1376 1730 1642 1800 semper
1665 1706 1940 1800 rapiunt
1968 1718 2037 1781 ct
2069 1703 2323 1777 volant.
2363 1728 2648 1777 ann.

483 1820 635 1887 Istae
672 1830 867 1903 sunt,
916 1840 1067 1909 quae
1104 1830 1262 1885 vota
1314 1804 1670 1890 hominum
1710 1817 2069 1889 observant
2111 1831 2314 1911 atque
2355 1816 2651 1886 honores

483 1926 844 1995 numinum
894 1952 911 1994 z
958 1950 1099 1994 non
1144 1923 1365 1998 solum
1406 1924 1774 2016 solemnia,
1831 1953 2068 2001 verum
2109 1928 2312 1997 etiam
2348 1943 2648 1997 extraor-

487 2036 753 2107 dinaria
779 2036 1169 2129 requirunt,
1200 2051 1267 2105 et
1295 2051 1658 2130 parentum
1683 2037 1910 2107 debita
1941 2064 1957 2107 ε
1988 2040 2043 2107 si
2081 2035 2334 2132 aliquid
2357 2038 2442 2107 ad
2469 2036 2648 2107 diem

483 2162 959 2242 praesentatum
988 2172 1126 2223 non
1156 2162 1256 2217 est
1278 2202 1299 2236 ‚
1333 2174 1490 2227 cum
1528 2151 1888 2225 tormentis
1924 2150 2204 2245 exig-unt
2232 2173 2250 2221 ε
2286 2149 2414 2219 hae
2447 2162 2654 2243 atque

486 2255 639 2327 illac
680 2271 904 2327 totum
943 2282 1070 2351 per
1098 2258 1335 2327 orbem
1366 2260 1561 2353 Juxta
1597 2274 1810 2329 terras
1847 2258 2242 2354 pervolant:
2278 2258 2526 2353 digitos
2563 2258 2654 2327 ad

484 2367 777 2462 praedam
813 2384 1151 2440 exacuunt
1185 2370 1409 2439 curvis
1446 2370 1784 2441 timendos
1818 2368 2166 2465 unguibus
2189 2422 2210 2456 ,
2251 2392 2652 2463 semperque

486 2479 736 2549 mensis
772 2478 1138 2550 advolant:
1180 2479 1365 2573 quod
1402 2480 1862 2575 contingunt,
1908 2479 2274 2567 auferunt3
2313 2478 2500 2574 quod
2541 2504 2651 2547 re-

490 2586 851 2683 linquunt,
914 2587 1256 2683 polluunt.
1317 2594 1510 2660 Istaec
1570 2589 1884 2685 prodigia
1948 2588 2128 2661 alere
2189 2614 2396 2683 quam
2453 2613 2656 2658 nosse

486 2696 713 2769 malo:
760 2698 878 2771 scd
913 2714 1233 2771 neutrum
1268 2697 1507 2793 placet.
1539 2724 1747 2773 saun.
1785 2701 2196 2793 Noctivagas
2229 2699 2434 2769 etiam
2475 2722 2642 2794 prae·

487 2808 702 2880 teristi
746 2806 1029 2896 celeres,
1082 2810 1514 2903 capripedeS‚
1563 2809 2158 2904 hirquicomanteS.
2212 2834 2493 2883 MANDR.
2538 2814 2656 2879 In-

488 2918 939 2989 numerabilia
966 2933 1125 2989 sunt
1150 2920 1293 2991 haec
1317 2920 1670 3015 prodigia3
1702 2920 1812 2991 sed
1845 2922 2088 3016 ignava
2106 2936 2174 2989 et
2201 2920 2362 2990 vilia
2390 2918 2650 2991 :solum

490 3031 623 3107 hoc
666 3046 766 3099 est
788 3082 809 3115 ‚
850 3031 1035 3125 quod
1090 3046 1469 3125 sequuntur
1510 3046 1716 3127 atque
1767 3032 2128 3104 observant
2165 3033 2364 3102 unice
2404 3056 2651 3127 panem

493 3139 771 3221 domini.
834 3164 979 3211 SYc.
1029 3142 1279 3214 Omnia
1324 3166 1511 3211 sacra
1565 3157 1710 3213 tute
1755 3143 1896 3237 ipse
1939 3142 2338 3236 improbasti
2397 3167 2412 3209 :
2467 3167 2651 3236 quae-
2749 3164 2760 3173 ·

440 3348 445 3353 ἡ
492 3275 651 3322 nam
722 3251 931 3344 igitur
982 3250 1307 3344 praedicas
1345 3253 1374 3321 Ρ
1456 3275 1740 3324 smum.
1841 3253 2186 3341 Quoniam
2258 3250 2653 3346 simpliciter

492 3361 997 3455 interrogastiS,
1034 3361 1274 3435 scitote
1303 3363 1477 3431 inter
1514 3363 1696 3433 istaec
1735 3362 1962 3431 omnia
2001 3360 2173 3436 nihil
2202 3386 2344 3431 esse
2376 3359 2651 3449 melius,

490 3467 695 3564 quam
722 3485 797 3541 ut
824 3469 1067 3565 aliquis
1099 3468 1243 3545 fato
1270 3488 1589 3545 nascatur
1615 3474 1817 3547 bono.
1849 3496 2061 3557 Quen.
2098 3476 2185 3542 Et
2215 3473 2312 3541 ita
2349 3473 2650 3567 suspica-

494 3609 670 3657 mur.
700 3581 831 3667 Sed
868 3582 1087 3655 fatum
1119 3584 1341 3676 ipsum
1374 3583 1666 3679 qualiter
1691 3573 1962 3659 tandem
1991 3583 2121 3655 coli
2158 3582 2262 3654 vel
2298 3584 2652 3677 propitiari

495 3692 755 3785 potest?
790 3716 1075 3765 ΜΑΝΒΒ.
1113 3693 1380 3768 Dicam.
1407 3694 1616 3765 Genii
1643 3709 1802 3764 sunt
1829 3693 2135 3781 colendi,
2169 3694 2494 3788 quoniam
2524 3694 2650 3788 ipsi

496 3802 765 3885 decreta
783 3802 1078 3886 fatomm
1100 3820 1345 3899 regunt
1366 3830 1385 3878 z
1412 3805 1521 3875 isti
1547 3822 1704 3877 sunt
1733 3806 2044 3901 placandi
2071 3822 2272 3901 atque
2289 3805 2609 3875 exorandi
2629 3830 2650 3888 ;

494 3911 829 4007 simulque
858 3915 914 3983 si
948 3940 1081 4009 qua
1120 3915 1299 3985 i‘ntra
1338 3916 1513 3987 aedes
1551 3916 1718 3987 latet
1745 3916 1922 3988 mala
1959 3918 2270 4013 fortuna,
2295 3915 2652 3985 vincienda

495 4039 695 4118 atque
724 4026 1141 4118 exportanda
1166 4042 1287 4100 est.
1316 4053 1530 4114 QUER.
1564 4025 1838 4116 Pulcre,
1863 4026 2138 4122 edepol,
2161 4027 2358 4097 doces
2379 4081 2398 4115 ,
2431 4026 2545 4095 sed
2574 4040 2650 4095 ut

493 4134 755 4207 facilius
804 4160 987 4207 nunc
1028 4162 1391 4232 sequamur
1429 4141 1699 4241 omnia,
1731 4138 1827 4225 ,da
1877 4139 2074 4211 nobis
2115 4138 2652 4233 experimentum
