3067 5017
1060 438 1753 514 TESTIMONIA.
2334 449 2486 523 603

334 586 480 659 quo
498 560 739 633 Cicero
762 559 1086 648 florebam
1126 574 1195 631 et
1218 576 1535 656 praeterea
1569 564 1882 653 tertium,
1909 590 2050 659 quo
2077 592 2200 637 nos
2233 594 2488 648 sumus.

332 672 563 747 Plauti
595 686 791 745 atate
834 694 923 743 ne
962 686 1299 745 oratorem
1334 672 1606 769 quidem
1661 673 2077 747 dedecehant
2131 681 2504 778 archaismi,

334 799 405 857 et
436 807 631 857 voces
666 781 797 857 itlae
824 780 1155 876 antiquas,
1193 808 1367 877 quas
1392 784 1577 878 apud
1597 786 1932 857 comicum
1963 786 2152 859 hune
2183 788 2486 885 legimus.

330 916 335 930 ·
398 896 546 969 sic.
562 894 743 965 euim
782 908 929 965 tum
956 893 1403 987 aquabantur.
1450 896 1798 967 Ciceronis
1835 922 1996 968 vero
2037 916 2234 971 aetate
2283 926 2360 973 ea
2397 902 2493 974 lo·

335 1029 495 1077 cum
552 1000 843 1098 amplius
896 1001 969 1075 in
1022 1010 1299 1075 ‘oratore
1344 1030 1483 1076 non
1538 1008 1878 1078 habebant
1919 1034 1937 1078 z
1997 1025 2302 1083 attamen
2349 1038 2491 1101 non

336 1140 551 1211 usque
608 1115 777 1185 adeo
816 1114 1288 1186 consuetudini
1332 1115 1928 1213 adstringebantur
1990 1120 2062 1189 hi
2077 1174 2100 1207 ‚
2181 1124 2299 1216 qui
2351 1150 2492 1193 non

337 1224 674 1312 dicerent,
714 1224 827 1295 sed
856 1225 1255 1313 scriberent3
1292 1241 1494 1321 atque
1528 1222 1810 1299 e’ruditis
1839 1231 2053 1326 magis
2085 1232 2490 1320 scriberent,

336 1360 541 1431 quam
582 1334 807 1430 vulgo.
844 1336 1106 1429 Nempe
1137 1337 1238 1405 uti
1276 1362 1543 1408 necesse
1580 1362 1716 1408 non
1745 1353 1878 1427 est,
1906 1355 1984 1409 ut
2015 1364 2207 1426 vasa,
2244 1342 2492 1435 quibus
2526 1373 2531 1378 ·

336 1448 631 1534 utimur,
700 1444 983 1517 formam
1024 1462 1285 1541 semper
1342 1447 1664 1517 habeant'
1693 1449 2042 1536 usitatam3
2109 1450 2224 1519 sed
2288 1452 2492 1521 etiam

338 1572 565 1626 vetera
628 1554 999 1644 delectant,
1054 1556 1421 1627 dummodo
1475 1557 1839 1629 mundities
1901 1559 2132 1631 adsit.
2187 1560 2318 1648 ita,
2369 1562 2490 1655 qui

338 1668 705 1738 scriberent
737 1608 1129 1740 hominibus
1158 1667 1592 1757 doctissimis,
1625 1692 1765 1739 non
1787 1692 2061 1797 semper
2093 1671 2494 1739 aversaban-

338 1792 453 1847 tm·
506 1778 825 1873 antiqua,
874 1778 1083 1848 modo
1125 1804 1265 1849 rem
1330 1784 1499 1875 pure'
1555 1804 1634 1851 ae
1692 1774 1964 1878 proprie
2015 1780 2489 1875 exprimerent.

337 1888 593 1959 Nostro
634 1912 793 1959 vero
838 1912 1020 1976 mvo,
1064 1890 1135 1959 ni
1178 1888 1409 1977 fallor,
1468 1890 1674 1961 etiam
1726 1889 1892 1987 plus
1929 1888 2278 1984 aliquanto
2335 1888 2494 1960 lieet

340 1996 551 2071 latina
592 1998 861 2071 dicturo
896 2024 915 2071 z
968 2001 1128 2093 quia
1162 2025 1304 2075 non
1347 1998 1638 2095 amplius
1677 2002 1748 2077 in
1798 1997 2054 2095 populo
2086 1998 2492 2095 (postquam

338 2131 429 2181 ne
464 2110 535 2185 in
570 2110 767 2185 Latio
807 2108 1079 2204 quidem
1128 2108 1335 2185 latine
1377 2109 1843 2207 loquuntur),
1879 2111 1997 2186 sed
2054 2113 2126 2193 in
2177 2134 2490 2187 consessu

340 2219 870 2297 fere-doctorum
914 2220 1273 2296 dicendum
1329 2235 1451 2295 est.
1510 2212 1980 2311 Quamobrem
2033 2222 2316 2299 minime
2379 2246 2494 2297 eos

341 2328 689 2418 audimus,
727 2332 851 2425 qui
897 2334 1271 2411 Varronem
1300 2375 1321 2417 -‚
1376 2331 1734 2425 Crispum,
1782 2346 1986 2426 atque
2042 2331 2210 2410 alios
2251 2332 2494 2427 optimi

342 2442 461 2513 aevi
502 2442 903 2537 scriptores,
955 2464 1037 2517 eo
1075 2443 1347 2515 nomine
1396 2441 1716 2541 culpant,
1755 2444 1915 2536 quia
1959 2466 2097 2512 non
2137 2441 2340 2536 plane
2391 2468 2494 2515 se-

338 2565 637 2646 quantur
688 2551 1247 2625 consuetudinem
1304 2552 1407 2625 sui
1458 2553 1825 2647 temporie,
1859 2549 2212 2644 multoque
2269 2552 2495 2626 minus

343 2686 457 2731 eos
488 2661 835 2749 audimus,
870 2663 989 2757 qui
1030 2663 1120 2731 ad
1159 2662 1538 2732 Tullianam
1577 2662 1856 2756 phrasin
1895 2662 2124 2735 omnia
2172 2662 2494 2756 exigunt,

343 2797 492 2866 quae
536 2772 738 2841 hodie
789 2772 1201 2841 scribuntur.
1266 2775 1409 2842 Nec
1455 2772 1638 2841 enim
1684 2786 1822 2839 tam
1866 2770 2061 2864 inops
2105 2785 2204 2838 est
2261 2768 2494 2864 lingua

344 2880 552 2950 latina
575 2934 595 2967 ‚
623 2898 700 2950 ut
738 2906 878 2951 uno
918 2878 1137 2950 solum
1169 2870 1373 2951 modo
1410 2879 1670 2975 aliquid
1705 2879 1912 2949 latine
1950 2879 2234 2948 dicatur.
2265 2877 2492 2947 Multa

344 2990 520 3059 bona
556 2990 732 3085 apud
768 2988 1107 3077 Tullium,
1143 2990 1260 3059 sed
1304 2993 1371 3059 e't
1413 2991 1598 3085 apud
1645 2988 1961 3059 Plautum
1994 3014 2010 3057 ε
2059 2990 2130 3057 in
2168 3014 2304 3082 quo
2347 2993 2494 3058 Ro-

344 3124 701 3169 manorum
751 3099 1119 3169 doctissimi
1166 3125 1498 3169 summam
1551 3124 1884 3195 agnovere
1927 3097 2252 3167 sermonis
2295 3098 2492 3167 casti-

344 3209 663 3279 moniam.
730 3214 964 3302 quue
1023 3212 1604 3304 persuasissimum
1676 3209 2042 3295 habemus,
2103 3208 2492 3301 juventuti,

346 3333 699 3414 postquam
732 3321 1036 3390 nativum
1072 3319 1260 3389 illum
1280 3319 1583 3405 vultum,
1622 3344 1914 3414 veraque
1945 3316 2139 3387 latini
2169 3319 2494 3386 sermonis

348 3425 748 3498 lineamenta
773 3482 792 3515 ‚
833 3431 1179 3499 imbiberit
1233 3457 1270 3500 e
1318 3431 1503 3500 fonte
1546 3428 1901 3516 Tulliano,
1935 3453 2075 3497 non
2119 3425 2322 3496 modo
2359 3430 2493 3495 Te·-

346 3539 667 3624 rentium‚
707 3543 1077 3628 Caesarem,
1110 3540 1311 3628 alios,
1345 3542 1464 3636 qui
1505 3540 1786 3635 propius
1835 3540 1924 3608 ad
1970 3536 2268 3608 Tullium
2309 3561 2495 3605 acce-

347 3646 546 3735 dunt,
595 3648 713 3717 sed
738 3647 1049 3717 Plautum
1073 3652 1274 3719 etiam
1304 3649 1596 3719 multum
1621 3650 2038 3745 diuque-esse
2065 3646 2492 3715 versandum.

348 3760 637 3826 Tantum
687 3757 1021 3853 judicium
1075 3760 1145 3827 in
1196 3758 1467 3829 delectu
1524 3759 1872 3848 desider03
1929 3758 2222 3853 primum
2276 3756 2346 3823 in
2389 3780 2498 3824 ar-

350 3867 692 3954 chaismis‚
752 3883 818 3938 et
861 3870 1032 3939 bene
1074 3869 1337 3957 desitis3
1380 3895 1529 3963 quae
1575 3895 1702 3938 nec
1752 3869 2004 3964 ubique
2049 3890 2173 3934 nee
2234 3889 2501 3958 semper

351 3973 573 4045 locum
613 3976 904 4066 habent,
942 3994 1020 4048 ut
1064 3980 1375 4073 superius
1412 3980 1573 4049 satis
1621 3980 1947 4065 diximuS,
1995 3975 2237 4045 deinde
2273 3976 2342 4043 in
2380 3975 2499 4061 iis,

353 4112 501 4180 quae
526 4088 825 4158 comicus
862 4088 973 4160 ille
1015 4089 1208 4159 finxit
1233 4090 1321 4160 ad
1351 4090 1564 4160 risum
1603 4090 2032 4187 captandum.
2063 4085 2283 4157 Multa
2317 4084 2502 4153 enim
