3067 5017
946 463 1287 531 ACTUS
1338 465 1405 548 1,
1456 461 1784 532 scENA
1836 462 1940 528 11.
2383 457 2522 554 457

370 587 638 654 Habere
674 609 867 680 posse
901 584 1229 678 postulaS‚
1267 586 1435 679 quin
1483 601 1559 654 tu
1597 587 1862 654 otiosus
1899 583 2061 652 fias?
2473 600 2525 656 :1⁰

368 721 526 766 miv.
580 695 737 784 Illa,
790 694 975 763 haud
1026 721 1181 790 eg0,
1229 697 1468 764 habuit
1514 696 1863 792 publicum
1901 720 1917 762 ε
1959 719 2276 788 pervorse
2321 695 2529 764 inter-

674 821 980 899 pretamS.

367 919 549 986 Nam
591 915 947 984 advorsum
985 914 1195 1010 legem
1232 943 1271 986 a
1308 943 1447 1004 me,
1488 919 1575 987 ob
1609 943 1825 986 meam
1864 917 2263 1011 scripturam
2287 969 2307 1001 ,
2339 939 2531 1010 pecu·

670 1025 822 1094 dem
858 1025 1125 1120 adcepit

366 1138 689 1230 AEraque.
729 1161 876 1208 ΛΒΤ.
928 1137 1116 1206 Idem
1160 1138 1343 1232 quod
1389 1152 1462 1207 tu
1500 1138 1661 1208 facis
1689 1192 1708 1221 ,
1755 1138 2011 1208 faciunt
2057 1139 2151 1206 rei
2195 1135 2366 1204 male
2409 1162 2524 1231 ge-

668 1263 927 1337 rentes;
1360 1325 1375 1338 ⁶

366 1357 514 1427 Ubi
543 1383 679 1426 non
717 1374 851 1446 est,
881 1361 1281 1454 scripturam
1316 1359 1493 1428 unde
1528 1359 1730 1443 dent,
1766 1361 2075 1427 incusant
2106 1355 2524 1453 publicanOS.

368 1491 527 1537 Duv.
568 1468 747 1538 Male
784 1471 991 1539 vortit
1028 1496 1133 1538 res
1180 1472 1495 1564 pecuaria
1543 1470 1709 1538 mihi
1752 1468 1931 1564 apud
1981 1494 2142 1556 vos;
2197 1493 2379 1536 nunc
2431 1470 2527 1536 vi-

668 1581 888 1650 cissim

2477 1599 2530 1644 45

364 1687 549 1756 Volo
591 1689 837 1758 habere
872 1689 1363 1760 aratiunculam
1402 1716 1526 1785 pro
1563 1691 1756 1785 copia
1793 1689 1943 1758 heic
1981 1687 2161 1782 apud
2201 1712 2336 1756 VOS.

366 1823 521 1868 ΛΒΤ.
556 1803 710 1870 Non
746 1826 941 1870 arvos
978 1801 1089 1870 hic
1113 1855 1131 1888 ,
1174 1800 1288 1870 sed
1332 1827 1620 1896 pascuus
1661 1817 1760 1870 est
1795 1825 1956 1895 ager
1992 1826 2007 1867 ε
2045 1800 2101 1868 si
2141 1799 2474 1866 arationes

364 1909 743 1997 Habituris,
772 1911 888 2003 qui
928 1912 1102 1979 arari
1143 1911 1389 1994 solent,
1430 1913 1510 1981 ad
1555 1938 1795 2006 pueros
1829 1913 1926 1980 ire
1965 1909 2225 1979 meliuS.

362 2023 570 2088 Hunc
602 2045 723 2088 nos
750 2020 1083 2090 'habemus
1114 2021 1495 2114 publicum3
1527 2022 1623 2092 illi
1659 2022 1772 2091 alii
1811 2036 1968 2090 sunt
1997 2019 2366 2115 publicani.
2401 2069 2420 2088 .

363 2143 511 2197 bene
532 2162 686 2214 posse
708 2145 787 2196 vis
803 2181 820 2206 ,
848 2145 947 2198 nisi
976 2145 1143 2198 fueris
1168 2146 1370 2200 otiosus
1388 2186 1405 2212 ,

364 2241 549 2294 neque
570 2225 791 2295 privatis
812 2226 1035 2295 negotiis
1058 2225 1365 2278 districtus?

452 2309 545 2366 41.
586 2305 687 2356 Illa
724 2304 898 2356 habuit
927 2307 1189 2374 publicum.
1226 2307 1402 2371 Quam

366 2383 689 2452 Astaphium
715 2403 828 2436 rem
866 2385 1136 2455 publicam
1162 2385 1399 2446 dixerat,

362 2462 427 2514 in
454 2462 612 2515 aliam
646 2465 959 2517 sententiam
994 2466 1301 2518 Dinarchus
1320 2469 1403 2536 jo-

362 2543 493 2594 culo
516 2541 836 2614 detorquet:
862 2564 982 2596 nam
1006 2545 1223 2617 publica
1239 2547 1404 2598 vecti-

362 2622 510 2692 galia
532 2623 747 2676 simulat
779 2643 835 2676 se
859 2625 1175 2696 intelligere.
1200 2625 1267 2678 Id
1291 2639 1369 2678 est
1385 2666 1402 2692 ,

358 2720 479 2754 non
512 2721 636 2756 vere
670 2701 838 2770 dicis,
881 2723 1050 2776 quum
1086 2724 1171 2757 me
1204 2707 1403 2760 habere

359 2800 480 2834 rem
513 2783 782 2850 publicam
811 2803 1090 2848 memoras,
1108 2785 1232 2856 quia
1258 2786 1400 2857 lega-

359 2861 516 2914 tione
530 2863 745 2916 functus
756 2865 892 2918 sum'.
907 2867 1024 2916 Imo
1040 2865 1399 2918 Phronesium

358 2941 526 2994 habet
552 2943 827 3012 publicam
856 2964 997 3009 rem,
1038 2948 1073 2997 i.
1098 2964 1146 2999 e.
1172 2945 1401 3015 vectigal

358 3021 667 3092 publicum.
709 3023 857 3088 Quid
912 3026 1025 3077 ita?
1060 3044 1256 3096 nempe
1298 3025 1401 3078 im-

358 3101 662 3172 proborum
691 3105 1103 3174 publicanorum
1131 3125 1282 3158 more
1322 3107 1399 3157 fe-

360 3181 467 3245 cit,
498 3183 594 3252 qui
624 3201 726 3252 pro
751 3185 1031 3255 scriptura,
1060 3185 1305 3256 vectigali
1330 3185 1399 3238 de

364 3262 578 3330 pascuis
630 3263 884 3328 collecto,
939 3283 1049 3318 non
1100 3265 1273 3317 solum
1331 3285 1400 3318 aes

360 3339 632 3406 debitum,
651 3342 743 3395 sed
766 3345 924 3396 etiam
944 3344 1205 3415 pecudem
1234 3346 1397 3416 cepit.

360 3419 583 3473 Etenim
634 3423 963 3488 Dinarchus,
1016 3425 1299 3494 pecuniam
1346 3438 1400 3478 et

364 3519 493 3552 cum
510 3507 733 3571 pecnnia
750 3505 979 3574 ‚seipsum
1000 3504 1313 3558 tradiderat.
1330 3506 1398 3558 N.

448 3582 543 3645 43.
560 3583 804 3651 AEraque.
822 3585 959 3636 AEra
983 3586 1243 3638 vocabant
1268 3585 1401 3637 mul·

359 3673 473 3713 tam
497 3663 857 3730 pecuniariam
878 3701 893 3724 ,
918 3684 1076 3735 quam
1102 3666 1398 3735 portitores

360 3753 456 3793 aut
496 3735 829 3811 seripvurarii
858 3745 1217 3814 imponerent.
1249 3746 1395 3798 Llrs.

448 3827 545 3884 44.
580 3822 679 3874 Ubi
702 3843 795 3874 non
824 3837 911 3887 est,
938 3824 1397 3895 scripem·cem.,Scri·

350 3913 509 3971 ptura
548 3915 627 3954 est
663 3901 829 3967 illud,
874 3905 1021 3976 quod
1051 3904 1175 3957 ideo
1204 3904 1394 3970 (latur,

358 3993 423 4032 ut
464 3999 591 4051 ager
630 3985 879 4052 publicus
922 3986 1079 4038 alicui
1125 3983 1396 4038 adscriba-

360 4073 470 4112 tur.
502 4063 673 4114 Sentit
702 4081 716 4116 :
748 4065 856 4115 Ubi
876 4074 1001 4116 ‘non
1036 4077 1113 4116 est
1141 4066 1397 4134 pecunia,

362 4157 527 4206 quam
564 4139 694 4194 deut
728 4145 943 4210 amicae,
984 4158 1233 4198 accusant
1268 4145 1397 4198 ami-

362 4235 503 4272 cam.
527 4220 673 4272 Pis-r.

1576 2151 1669 2211 46.
1698 2147 2096 2200 Aratiemculam.
2135 2143 2200 2198 Id
2239 2157 2344 2208 est,
2384 2143 2530 2213 agel-

1490 2226 1605 2282 lum
1633 2226 1955 2280 conductum
1972 2264 1987 2290 ‚
2011 2245 2172 2298 quem
2206 2243 2368 2276 arem.
2390 2226 2530 2276 Ara-

1492 2310 1644 2358 tiones
1665 2320 1815 2359 erant
1840 2307 1950 2378 agri
1981 2306 2185 2381 ppblici
2200 2344 2216 2371 ,
2239 2305 2330 2372 qui
2351 2316 2526 2356 arato·

1489 2387 1639 2439 ribus
1661 2386 1868 2438 colendi
1889 2385 2170 2448 dabantur,
2197 2398 2248 2437 et
2271 2397 2526 2454 tanquam

1487 2467 1824 2527 locabantur,
1845 2466 2107 2536 impositis
2129 2464 2401 2518 decumis:
2433 2475 2528 2516 aut

1490 2545 1724 2618 denique
1753 2547 1867 2617 agri
1904 2546 2092 2608 etiam,
2140 2545 2234 2614 qui
2275 2543 2525 2596 decumas

1488 2628 1694 2698 populo
1743 2645 1968 2679 romano
2026 2623 2353 2694 pendebant.
2411 2623 2524 2675 Nec

1490 2719 1596 2760 tam
1629 2700 1866 2760 aratore's
1903 2703 2116 2758 domini
2155 2717 2337 2763 erant,
2360 2720 2523 2773 quam

1466 2787 1797 2858 ‘reipublicae
1826 2784 2046 2857 quidam
2077 2784 2270 2836 coloni.
2297 2783 2382 2835 Sic
2409 2802 2526 2834 ara-

1492 2870 1644 2918 tiones
1683 2881 1733 2920 et
1771 2879 2017 2930 aratores,
2045 2865 2102 2917 in
2137 2865 2290 2915 Verr.
2324 2863 2515 2916 Cicero

1488 2945 1701 3018 semp'er
1727 2947 1962 3017 appellat
1985 2963 2141 3016 agros
2168 2943 2492 2994 decumanos
2510 2980 2526 3008 ,

1488 3038 1543 3078 et
1586 3045 1711 3092 eos,
1757 3027 1847 3098 qui
1891 3045 2044 3098 agros
2086 3025 2205 3076 illos
2255 3023 2520 3075 colebant.

1486 3107 1672 3159 Tuan.
1694 3104 1882 3160 —Sed
1907 3109 2088 3159 subest
2119 3104 2313 3157 lasciva
2347 3103 2520 3155 ambi·

1485 3187 1675 3256 guitas.
1697 3187 1934 3250 Asin.V‚
1966 3207 1992 3238 2
2012 3224 2027 3250 ‚
2060 3191 2154 3248 ²4·

1571 3275 1664 3335 47.
1709 3267 1824 3319 Non
1869 3287 2028 3318 arvos.
2054 3267 2232 3317 Varro
2265 3281 2279 3315 τ
2334 3289 2355 3310 α
2379 3263 2521 3332 Ager

1486 3364 1644 3398 arvus
1667 3359 1744 3399 est
1763 3385 1776 3408 ,
1801 3347 2070 3410 consitus;
2115 3362 2341 3414 pascuus
2357 3381 2374 3407 ,
2419 3342 2518 3395 flo-

1485 3444 1608 3478 rens
1631 3451 1680 3477 ι.
1703 3425 1855 3478 Idem
1885 3424 1951 3478 de
1983 3429 2059 3477 Re
2097 3424 2312 3476 Rustica
2351 3424 2518 3476 inter-

1486 3517 1732 3576 pretatur
1755 3525 1951 3570 arvum,
1987 3503 2134 3576 quod
2175 3517 2379 3555 aratum
2417 3521 2518 3555 nec

1487 3599 1658 3638 satum
1684 3600 1780 3639 est.
1811 3586 1918 3637 Alii
1960 3605 2122 3637 cervum
2161 3585 2516 3653 interpretan-

1486 3677 1574 3717 tur
1611 3685 1781 3734 agmm
1811 3666 2116 3716 sationalem.
2151 3666 2293 3732 Ager·
2309 3667 2520 3731 pascuus

1486 3746 1738 3797 Ciceroni
1765 3759 1814 3797 et
1838 3745 1966 3798 Fab.
1995 3761 2304 3814 compascuus
2321 3781 2336 3806 ,
2371 3760 2523 3794 com-

1486 3824 1664 3877 munis
1700 3824 1764 3877 acl
1797 3823 2054 3894 pascenda
2085 3841 2298 3894 pecora.
2328 3823 2514 3875 Tur-1«.

1572 3907 1662 3968 48.
1688 3905 1975 3965 Habitat-is,
2005 3906 2041 3956 i.
2068 3903 2327 3954 ethabere
2347 3903 2519 3971 cupis.

1485 3985 1573 4037 Sic
1602 4001 1756 4036 versu
1791 3982 2115 4058 praecedenti
2147 3981 2313 4035 dixit:
2353 4008 2373 4028 u
2395 3983 2520 4034 volo

1483 4065 1686 4116 habere
1711 4065 2102 4116 aratiunculam
2129 4087 2177 4116 ι.
2223 4057 2280 4102 -’-
2303 4061 2518 4114 Termi-

1484 4143 1636 4198 natio
1679 4147 1806 4196 urire
1853 4143 2170 4214 cupidinem
2217 4143 2518 4214 significat,

1488 4244 1535 4277 e.
1551 4243 1603 4296 g.
1623 4228 1800 4292 esurio,
1815 4228 2062 4298 nupturio.
2075 4224 2413 4288 Priso.V111,
2428 4241 2448 4274 1
2467 4229 2520 4284 4.
