3067 5017
556 473 697 574 374
1318 473 1923 562 TRINUMUS,

546 601 967 672 Thesaurum
998 593 1165 664 mihi
1198 594 1684 667 demonstravit
1724 599 1796 667 in
1834 597 2018 668 hisce
2063 598 2348 686 aedibus,

549 711 718 782 Heio
765 710 835 777 in
878 703 1179 778 conclavi
1224 707 1521 806 quodam
1556 735 1573 777 ε
1617 708 1738 777 sed
1775 709 2235 802 circumspice.

550 843 731 890 MEG.
756 821 977 890 Nemo
998 832 1115 886 est.
1146 841 1343 888 GALL.
1368 821 1752 889 Numorum
1770 817 2196 914 philippefim
2219 820 2304 889 ad
2323 822 2452 889 tria
2471 819 2700 892 millia.

546 929 628 999 Id
658 927 841 998 solus
877 925 1129 1015 solum,
1159 952 1283 1022 per
1312 929 1672 998 amicitiam
1703 943 1772 998 et
1797 954 1920 1023 per
1945 929 2148 999 fidem
2169 985 2189 1019 ,
2627 951 2703 990 11⁶

544 1039 741 1109 Flens
780 1063 889 1107 me
922 1032 1336 1125 obsecravit,
1368 1063 1492 1107 suo
1524 1063 1613 1106 ne
1643 1054 1848 1134 gnato
1877 1039 2257 1127 crederem,

535 1151 718 1220 Neve
749 1149 1152 1243 quoiquam,
1188 1141 1367 1216 unde
1399 1148 1485 1217 ad
1518 1173 1674 1218 eum
1710 1149 1782 1216 id
1819 1165 2044 1243 posset
2076 1175 2612 1244 permanascere.

540 1262 744 1330 Nunc
778 1261 832 1329 si
868 1257 981 1327 ille
1014 1258 1151 1328 huc
1184 1256 1399 1340 salvos
1428 1259 1722 1346 revenit,
1761 1259 2038 1328 reddam
2068 1285 2265 1334 suom
2301 1261 2470 1349 sibi;

536 1371 607 1440 Si
644 1369 808 1464 quid
848 1393 929 1437 eo
966 1367 1208 1453 fuerit,
1248 1370 1439 1438 certo
1477 1367 1657 1438 illius
1699 1367 1908 1457 filiae:

534 1481 707 1570 Quae
741 1480 909 1549 mihi
939 1479 1257 1548 mandata
1282 1492 1419 1567 est,
1455 1479 1674 1548 habeo
1711 1479 1941 1548 dotem
1979 1480 2162 1549 unde
2203 1480 2357 1550 dem
2386 1534 2405 1566 ‚

534 1592 636 1660 Ut
669 1614 817 1659 eam
856 1590 926 1657 in
968 1613 1037 1658 se
1072 1589 1348 1684 dignam
1384 1590 1849 1659 conditionem
1886 1589 2252 1659 conlocem.

532 1724 708 1771 MEG.
748 1703 883 1769 Pro
912 1698 981 1767 di
1011 1697 1464 1785 inmortalem,
1503 1700 1727 1769 verbis
1757 1700 1992 1793 paucis
2030 1725 2235 1794 quam
2264 1701 2401 1770 cito

540 1810 775 1882 Alium
820 1808 1037 1878 fecisti
1082 1805 1227 1878 mel
1266 1808 1443 1878 alius
1478 1808 1565 1878 ad
1601 1823 1666 1879 te
1709 1834 2048 1880 veneram.

536 1921 667 1992 Sed
712 1933 790 1990 ut
825 1919 1190 2014 obcepisti‚
1236 1943 1443 2015 perge
1476 1945 1686 2014 porro
1730 1921 2069 2016 proloqui.
2619 1939 2694 1978 ¹²5

540 2055 739 2110 esu..
778 2029 967 2119 Quid
1001 2029 1127 2097 tibi
1162 2045 1289 2124 ego
1319 2027 1578 2100 dicam?
1617 2029 1736 2124 qui
1773 2027 1953 2103 illius
1995 2030 2393 2125 sapientiam

540 2143 629 2210 Et
663 2165 883 2209 meam
920 2137 1313 2208 fidelitatem
1336 2191 1357 2227 ‚
1395 2154 1463 2208 et
1496 2139 1711 2209 celata
1751 2140 1980 2209 omnia

542 2254 739 2321 Paene
776 2249 886 2320 ille
919 2250 1241 2344 ingnavos
1278 2250 1584 2320 funditus
1624 2275 1892 2344 pessum
1928 2248 2134 2319 dedit.

542 2382 720 2430 κερ.
769 2358 1120 2450 Quidum?
1148 2384 1353 2429 cam..
1402 2361 1586 2450 Quia
1625 2385 1782 2430 rure
1819 2359 1984 2429 dum
2021 2385 2171 2428 sum
2214 2383 2346 2454 ego
2381 2383 2554 2428 unos
2585 2382 2701 2428 sex

837 2469 977 2538 dies
1010 2522 1032 2556 ‚
2182 2471 2189 2480 '

542 2583 657 2650 Me
689 2578 961 2648 absente
993 2589 1199 2672 atque
1230 2580 1557 2649 insciente
1578 2633 1599 2667 ‚
1641 2578 2034 2650 inconsultu
2069 2603 2255 2669 meo,
2622 2604 2697 2642 1³0

540 2690 762 2760 AEdeis
793 2687 1085 2760 venaleis
1123 2683 1320 2759 hasce
1353 2691 1661 2762 inscribit
1699 2689 1932 2760 literiS.

542 2827 721 2874 MEG.
753 2802 1139 2881 Adesurivit
1178 2803 1393 2896 magis
1415 2856 1435 2889 ‚
1471 2818 1540 2872 et
1571 2805 1857 2872 inhiavit
1894 2803 2114 2872 acrius

540 2918 775 3008 Lupus
804 2941 820 2983 ε
850 2912 1262 2999 observavit,
1294 2913 1453 2982 dum
1494 2914 1890 3014 dormitaret
1925 2937 2159 2999 cauea,

624 3172 647 3207 1
666 3172 755 3222 17.
788 3151 1069 3214 Crederem,
1097 3164 1285 3205 notum
1314 3153 1570 3208 facerem.
1658 3153 1840 3225 posito
1867 3151 2255 3224 divulgatoque
2283 3151 2472 3204 libello
2501 3167 2696 3205 venum

626 3252 650 3286 1
665 3251 751 3296 29.
775 3231 834 3284 Sa·
856 3231 976 3306 quid
998 3251 1053 3284 eo
1072 3232 1261 3299 fuerit,
1307 3231 1365 3286 id
1396 3245 1473 3286 est
1490 3273 1505 3300 ‚
1528 3234 1572 3288 si
1662 3234 2080 3304 ire‚vennmque
2107 3231 2306 3303 exponi
2333 3231 2703 3302 significaban-

541 3325 787 3371 mortuus
813 3311 993 3366 fuerit.
1013 3311 1219 3367 Ennius
1240 3310 1347 3374 (ed.
1368 3312 1572 3366 Hessel.
1665 3326 1771 3366 tur.
1799 3314 1882 3365 Ita
1907 3310 2000 3366 hic
2031 3311 2250 3365 Plautus
2271 3349 2288 3374 ,
2336 3311 2413 3364 ita
2441 3311 2558 3378 Cic.
2582 3311 2696 3364 Off.

543 3413 599 3486 p:
620 3390 649 3445 5
664 3388 717 3455 ι)
742 3409 757 3442 =
800 3417 823 3439 ι
841 3392 898 3444 Si
924 3389 1057 3464 quid
1084 3410 1171 3444 me
1194 3391 1355 3447 fuerit
1375 3394 1576 3446 huma-
1662 3394 1751 3446 111
1772 3414 1784 3444 ε
1820 3418 1843 3440 ι
1862 3391 2119 3446 Claudius
2136 3389 2292 3458 aedes,
2307 3409 2438 3462 quas
2461 3390 2518 3443 in
2534 3390 2698 3446 colio

541 3485 686 3526 mtus
706 3496 755 3524 ι.
784 3471 855 3525 Ν.
1665 3485 1849 3525 monte
1870 3472 2130 3538 habebat,
2161 3471 2508 3544 proscripsit,
2548 3470 2699 3524 insu·

630 3569 655 3604 1
670 3569 763 3603 υ.
790 3550 1013 3621 Dignam
1032 3551 1365 3605 conditionem.
1390 3551 1576 3606 Matri-
1663 3553 1770 3606 lam
1805 3551 2117 3606 vendidit».
2162 3552 2312 3618 Quin
2341 3564 2393 3604 et
2415 3551 2522 3603 hoc
2551 3548 2698 3603 idem

542 3631 789 3690 monium
841 3629 1127 3702 splendore
1185 3631 1399 3684 familiae
1466 3650 1576 3686 suae
1609 3669 1614 3674 ·
1666 3633 1726 3684 in
1766 3629 2006 3686 locandis
2044 3627 2250 3684 adibus
2289 3642 2556 3683 servatum
2603 3629 2700 3682 de·

541 3709 788 3782 dignum.
805 3711 991 3763 Aulul.
1010 3709 1095 3776 11,
1127 3729 1176 3775 1,
1197 3715 1287 3772 60.
1665 3710 1930 3783 prehendi
1947 3750 1966 3778 ,
1991 3725 2052 3765 ut
2083 3709 2349 3782 pendente
2387 3709 2456 3762 de
2494 3707 2700 3762 aedibus

629 3810 651 3844 1
668 3797 759 3856 ²4·
781 3790 1178 3855 Alium...alius,
1208 3790 1247 3844 i.
1271 3809 1325 3862 q.
1351 3791 1575 3846 alium...
1667 3791 1846 3846 tabula
1868 3791 2298 3862 proscriberetur
2327 3787 2570 3842 facienda
2600 3789 2698 3841 lo-

546 3881 726 3940 atque.
1667 3871 1826 3926 catio.
1879 3871 2101 3924 Terent.
2150 3869 2341 3923 Heaut.
2399 3896 2422 3918 ι
2445 3867 2700 3939 Inscripsi

631 3967 655 4004 1
671 3951 763 4002 26.
786 3949 958 4012 Illius,
990 3947 1177 4022 patris.
1666 3950 1814 4004 illico
1837 3948 1974 4003 aedes
2005 3948 2252 4004 mercede
2275 3974 2298 3997 ι
2312 3986 2327 4003 .
2349 3950 2465 4002 Cic.
2489 3947 2559 4004 ad
2587 3949 2696 4001 Att.

628 4046 652 4080 1
667 4030 756 4082 28.
800 4029 892 4080 Ille
908 4070 923 4092 ,
960 4029 1287 4084 Lesbonicus
1316 4029 1477 4084 filius.
1495 4060 1578 4070 —
1663 4031 1761 4084 lib.
1785 4029 1956 4083 XVI:
1991 4056 2014 4079 α
2039 4031 2145 4083 Iste
2165 4030 2344 4084 locare
2361 4028 2569 4100 incipit,
2587 4047 2698 4082 non

534 4111 799 4180 Ingnavos.
826 4108 957 4161 Vid.
985 4130 1062 4164 vs.
1089 4111 1179 4178 95.
1666 4109 1966 4182 proscripta
2039 4128 2216 4182 neque
2285 4108 2462 4165 edicta
2528 4107 2616 4160 die
2647 4134 2696 4160 ι.

564 4191 571 4198 “
621 4208 643 4241 1
658 4188 688 4241 3
707 4207 725 4239 t
741 4229 753 4241 .
770 4189 1011 4244 [ascribit.
1025 4190 1214 4244 Veteri
1239 4209 1389 4244 more
1412 4208 1570 4244 vena·
1656 4191 1908 4245 Blusson.

535 4269 607 4324 lia
637 4265 842 4340 praedia
872 4269 1317 4339 proscribebantur,
1348 4269 1403 4322 id
1446 4288 1570 4340 pro·
1744 4271 1872 4326 133.
1897 4271 2087 4336 Canes,
2109 4269 2360 4324 archaice
2379 4273 2414 4321 i.
2447 4287 2502 4338 q.
2531 4267 2694 4322 canis.
