3067 5017
555 413 699 494 224
1384 412 1866 496 RUDENS‚

548 534 795 602 Cibum
834 548 1179 627 captamus
1216 558 1252 602 e
1287 536 1453 602 mari
1494 559 1510 602 ε
1550 535 1655 604 sin
1693 547 1972 603 eventus
2015 561 2154 604 non
2194 537 2412 624 venit,

546 645 784 737 Neque
823 643 1189 738 quidquam
1229 659 1497 737 captum
1518 644 1599 714 'st
1638 645 1954 739 piscium,
1995 645 2150 714 salsi
2188 645 2492 741 lautique
2525 672 2707 742 pure

546 757 845 823 Domum
881 754 1177 822 redimus
1212 752 1593 824 clanculum
1617 807 1636 839 ‚
1682 754 2052 824 dormimus
2091 757 2430 824 incoenati.

542 869 763 957 Atque
792 877 869 932 ut
904 889 1085 932 nunc
1124 863 1339 933 valide
1376 863 1660 934 fluctuat
1693 891 1913 950 mare,
1941 864 2124 935 nulla
2169 867 2364 934 nobis
2403 889 2550 959 spes
2579 881 2703 936 est.
2777 877 2786 888 ’

544 973 689 1042 Nisi
718 970 880 1066 quid
908 973 1319 1043 concharum
1348 977 1682 1069 capsimus
1705 1028 1723 1059 ‚
1763 977 2076 1046 incoenati
2111 1001 2340 1045 sumus
2381 975 2704 1070 profecto,

547 1084 750 1153 Nunc
777 1087 1110 1152 Venerem
1128 1084 1304 1153 hanc
1331 1110 1728 1154 veneremur
1753 1082 2042 1174 bonam,
2076 1102 2151 1155 ut
2185 1112 2308 1155 nos
2336 1086 2559 1181 lepide
2586 1088 2708 1155 ad-

834 1194 1087 1287 juverit
1122 1193 1342 1265 hodie·
1673 1193 1680 1198 ’
1964 1225 1966 1228 >
2653 1218 2706 1258 ‚s

1007 1360 1439 1500 SCENA
1510 1355 2206 1504 SECUNDA.

1023 1629 1608 1715 TRACHALIO‚
1656 1582 2256 1702 PlscmoRES.¹

544 1841 807 1886 Tuaen.
844 1815 1089 1882 Animo
1123 1814 1469 1884 advorsavi
1498 1815 1732 1885 sedulo
1759 1871 1778 1904 ,
1813 1844 1898 1887 ne
1935 1819 2175 1890 herum
2214 1847 2494 1916 usquam
2527 1846 2702 1918 prae·
2751 1809 2754 1814 ¹

845 1939 1149 1992 terirem:
1345 1989 1359 2000 ,
2079 1961 2086 1966 ·
2601 1955 2607 1959 ·

544 2018 723 2116 Nam
762 2059 968 2128 quom
1012 2033 1213 2102 modo
1256 2034 1477 2102 exibat
1514 2034 1726 2116 foras,
1765 2035 1850 2103 ad
1887 2051 2162 2130 portum
2199 2064 2268 2107 se
2309 2040 2492 2108 aibat
2529 2039 2666 2120 ire,

546 2149 662 2216 Me
695 2146 831 2214 huc
862 2144 1127 2212 obviam
1164 2145 1366 2237 jussit
1411 2144 1539 2212 sibi
1579 2145 1808 2213 venire
1841 2146 1926 2212 ad
1966 2149 2242 2215 Veneris
2269 2147 2524 2216 fanum.

549 2255 681 2325 Sed
705 2280 875 2347 quos
900 2241 1285 2348 perconter,
1312 2254 1641 2323 conmode
1668 2279 1860 2324 eccos
1884 2255 2078 2324 video
2107 2257 2401 2345 adstare;
2435 2249 2658 2326 adibo.
2751 2340 2758 2344 ,

550 2365 847 2452 Salvete‚
877 2365 1058 2433 fures
1085 2365 1426 2434 marutimi
1448 2419 1467 2452 ,
1504 2365 1832 2434 conchitae
1855 2420 1872 2450 ‚
1901 2382 2102 2460 atque
2133 2368 2446 2437 hamiotae
2465 2421 2485 2457 ‚

548 2474 875 2543 Famelica
914 2475 1266 2543 hominum
1304 2475 1525 2559 natio,
1565 2475 1730 2568 quid
1761 2475 2010 2570 agitis?
2040 2491 2118 2566 ut
2155 2479 2384 2571 peritis
2412 2480 2441 2547 ἱ)

550 2610 719 2656 Plsc.
776 2589 873 2656 Ut
931 2584 1741 2679 piscatorem—aequom’st
1764 2638 1782 2669 ‚
1843 2585 2053 2673 fame,
2113 2588 2357 2681 sitique
2405 2613 2680 2683 speque.

737 2697 742 2704 ’
844 2719 1103 2765 TRACH.
1152 2699 1453 2786 Ecquem
1491 2693 1982 2762 adulescentem
2022 2695 2190 2781 hue,

549 2810 735 2877 Dum
782 2807 935 2874 heic
972 2804 1281 2898 adstatiS,
1320 2818 1592 2872 strenua
1633 2800 1830 2902 facie,
1879 2803 2371 2892 rubicundum,
2413 2806 2656 2876 fortem
2679 2861 2702 2896 ‚

664 2897 673 2906 ’
838 2914 953 3006 qui
986 2914 1145 2981 treis

548 3007 862 3094 Duceret,
882 3021 1343 3116 chlamydatos
1376 3047 1531 3092 cum
1565 3022 1932 3092 machaeriis
1955 3076 1974 3108 ‚
2011 3023 2266 3092 vidistis
2299 3025 2564 3094 venire?

630 3215 715 3250 ια.
741 3194 876 3248 Salsa·
898 3195 1130 3264 lautique.
1161 3195 1325 3246 Jocus
1359 3212 1423 3246 ex
1457 3213 1570 3250 am-

544 3276 727 3345 biguo.
756 3273 921 3339 Salsi,
940 3293 1050 3326 non
1078 3273 1291 3337 salibus,
1314 3271 1407 3325 sed
1431 3291 1572 3344 aqua

544 3356 754 3408 marina
776 3374 789 3406 ε
820 3355 943 3407 tama·
957 3393 973 3416 ,
992 3370 1105 3404 non
1128 3352 1363 3423 opiparis
1380 3353 1575 3422 epulis,

1659 3205 1714 3246 et
1735 3195 2041 3249 clanculum
2061 3214 2120 3248 se
2141 3194 2366 3250 domum
2397 3198 2693 3268 recipiunt.

1659 3274 1951 3328 Boxuonn.

1748 3358 1838 3407 16.
1860 3354 2165 3407 Veneremur.
2187 3357 2278 3409 Sc.
2305 3363 2337 3420 4
2355 3395 2372 3422 ,
2400 3375 2479 3409 va.
2499 3357 2594 3426 37.

542 3434 635 3490 sed
670 3432 889 3488 madidi.
922 3434 1055 3486 Pure
1080 3431 1245 3494 dicit,
1286 3433 1413 3502 quia
1434 3451 1573 3502 aqua

546 3516 755 3568 marina
780 3513 961 3566 sordes
986 3531 1171 3566 omnes
1196 3511 1385 3564 abluit.
1418 3512 1572 3564 L.—

548 3597 619 3647 At
647 3601 719 3646 'tu
760 3593 895 3646 mihi
938 3593 1098 3646 etiam
1137 3590 1263 3646 vide
1292 3590 1425 3664 quid
1451 3612 1574 3662 pure

550 3676 735 3726 lautum
760 3673 818 3725 in
848 3673 1009 3726 sacris
1029 3672 1124 3735 sit,
1150 3672 1276 3723 Aul.
1297 3671 1353 3722 ΙΙ
1370 3711 1386 3736 ,
1418 3672 1448 3724 3
1471 3711 1487 3736 ,
1510 3671 1576 3737 3,

546 3773 657 3824 quo
679 3753 908 3805 allusum
936 3751 1181 3804 arbitror.
1206 3751 1431 3803 Tuum.

635 3832 722 3884 13.
745 3833 971 3884 Redimus
996 3831 1285 3883 clanculam·
1310 3830 1460 3882 Nihil
1486 3830 1576 3884 hic

542 3910 879 3964 mutandum.
928 3912 1039 3977 Qui
1088 3910 1248 3962 rebus
1296 3928 1399 3980 pro
1442 3921 1570 3962 voto

542 3989 701 4062 gestis
738 3989 965 4044 domum
1004 3988 1263 4052 redeunt,
1306 3988 1478 4058 palam
1519 4002 1572 4042 et

538 4073 649 4125 laeti
686 4088 740 4122 se
782 4068 1097 4132 osoeudunu
1125 4069 1371 4139 quivero
1396 4086 1455 4120 re
1485 4068 1570 4120 in-

539 4152 677 4206 fecta
707 4151 908 4214 latere,
942 4167 1103 4220 quam
1136 4148 1301 4218 aspici
1330 4149 1568 4214 malunt,

1751 3437 1806 3486 6.
1829 3435 1970 3502 Quid
1989 3437 2176 3503 agitis?
2209 3436 2332 3489 Aul.
2355 3437 2384 3488 I
2401 3475 2416 3500 ,
2459 3457 2488 3490 2
2507 3473 2526 3501 ‚
2558 3436 2653 3505 39³.
2727 3463 2732 3467 ·

1661 3542 1742 3554 -—
1789 3513 1859 3564 Ut
1892 3517 2105 3582 peritis?
2148 3533 2351 3586 procax
2389 3514 2549 3570 ludus
2589 3536 2694 3586 pro

1671 3619 1694 3640 ι
1717 3605 1778 3646 ut
1799 3593 1986 3645 vatetis
2003 3598 2026 3642 Ρ
2053 3619 2075 3641 »

1747 3670 1803 3728 5.
1839 3671 2089 3724 Conclu‘toe
2111 3685 2253 3746 atque
2275 3676 2520 3728 kamiotoe.
2543 3677 2660 3728 Vos
2677 3713 2694 3739 ,

1647 3745 1758 3822 xqui
1783 3753 2012 3804 conchas
2043 3753 2214 3822 legitis
2249 3768 2302 3808 et
2335 3755 2498 3806 hamo
2523 3755 2696 3828 pisces

1665 3831 1903 3901 captatis.
1931 3833 2114 3886 Luni.

1744 3929 1797 3978 9.
1824 3913 2046 3964 Duceret.
2069 3911 2208 3964 Nota
2227 3913 2552 3984 subjunctivi
2575 3929 2692 3964 mo-

1659 3988 1718 4042 di
1739 3989 1844 4042 hoc
1868 3991 1988 4046 loeo
2009 3991 2281 4044 virtutem.
2317 3992 2374 4045 si
2401 4011 2516 4046 rem
2544 4003 2690 4044 certe

1658 4068 1856 4122 factam
1875 4083 2134 4135 narraret,
2156 4068 2510 4124 indicativum
2526 4088 2696 4136 ,usur-

1657 4161 1841 4220 paret:
1873 4176 1896 4197 =
1925 4150 2033 4204 vidi
2063 4149 2452 4205 adulescentem
2475 4150 2567 4222 qui
2589 4146 2690 4202 du·
