3067 5017
923 426 1259 497 ACTUS
1312 372 1757 513 1‚sCENA
1796 428 1948 498 111.
2349 427 2490 501 313

354 574 504 623 ΑΝΤ.
542 553 791 621 Curate
820 549 1033 645 igitur
1066 549 1462 619 familiarem
1498 577 1636 620 rem
1656 604 1675 637 ‚
1707 566 1785 620 ut
1816 552 2126 647 potestis,
2159 538 2456 647 optume.

351 686 503 732 PAN.
557 662 760 730 Nunc
797 658 1057 755 placet,
1108 686 1313 755 quom
1363 675 1547 733 recte
1581 676 1956 731 monstras:
1992 686 2175 731 nunc
2211 662 2334 731 tibi
2377 689 2493 733 au-

632 769 1092 840 scultabimUS.

344 884 574 967 Nunc,
612 906 838 968 soror,
874 880 1194 950 abeamus
1229 880 1433 949 intro.
1480 905 1622 952 pm.
1671 883 1820 951 Imo
1871 880 2259 951 intervisam
2304 880 2490 975 prius

631 989 907 1059 domum
922 1042 936 1057 .

2435 1032 2489 1071 90

342 1100 407 1171 Si
445 1124 484 1167 a
520 1100 669 1167 viro
703 1099 826 1168 tibi
864 1099 1039 1169 forte
1070 1099 1297 1168 veniet
1329 1100 1617 1169 nuncius
1643 1153 1662 1188 ,
1711 1099 1912 1170 facito
1949 1116 2027 1169 ut
2061 1101 2288 1171 sciam.
2327 1140 2334 1147 ·

340 1234 501 1280 ΡΑΝ.
529 1212 771 1303 Neque
796 1234 921 1305 ego
945 1217 1011 1277 t'e
1041 1207 1294 1293 celabo,
1325 1234 1541 1305 neque
1564 1226 1638 1279 tu
1667 1236 1774 1279 me
1793 1210 2054 1281 celassis
2084 1211 2266 1306 quod
2295 1209 2484 1281 scies.

340 1321 516 1408 Eho,
543 1321 970 1407 Crocotium,
996 1321 1050 1408 i,
1079 1322 1448 1415 parasitum
1474 1320 1891 1391 Gelasimum
1920 1321 2056 1390 huc
2080 1321 2440 1409 arcessit03

340 1436 589 1504 Tecum
626 1433 932 1503 adduce:
976 1458 1131 1501 nam
1174 1433 1402 1520 illum,

627 1544 783 1614 volo
802 1599 821 1632 ‚

1452 1448 1734 1521 ecastor,
1781 1434 2048 1502 mittere
2091 1432 2176 1501 ad
2212 1446 2486 1526 portum

342 1653 408 1723 Si
443 1679 595 1747 quae
631 1654 805 1723 forte
841 1680 923 1724 ex
957 1655 1119 1725 Asia
1158 1655 1347 1725 navis
1382 1654 1529 1723 heri
1575 1668 1692 1723 aut
1735 1652 1936 1723 hodie
1981 1651 2256 1723 venerit.
2433 1668 2488 1721 9⁵

340 1766 509 1835 Nam
554 1765 695 1835 dies
734 1780 913 1835 totos
948 1766 1130 1861 apud
1169 1779 1439 1860 portum
1478 1789 1702 1835 servos
1740 1788 1926 1839 unus,
1953 1762 2254 1837 adsidet:

341 1875 466 1944 Sed
500 1890 728 1947 tamen
766 1874 919 1945 volo
953 1876 1251 1945 intervisi
1282 1901 1299 1943 z
1332 1898 1654 1969 propera,
1687 1898 1765 1943 ac
1801 1887 2102 1955 actutum
2135 1869 2300 1939 redi.

846 2121 1297 2211 SCENA
1405 2120 1966 2211 TERTIA.

786 2325 791 2331 ’
824 2341 1381 2423 GELAsmus,
1427 2340 1998 2409 cRocoTIUM.

342 2538 494 2584 GEL.
536 2518 809 2583 Famem
843 2514 1047 2585 fuisse
1082 2514 1431 2609 subspicor
1466 2528 1748 2581 matrem
1788 2511 1992 2581 mihi:

340 2628 504 2697 Nam
548 2639 899 2719 postquam
944 2640 1188 2721 gnatus
1221 2650 1369 2694 sum
1392 2678 1412 2710 ‚

1456 2638 1646 2693 satur
1688 2647 2035 2717 nunquam
2073 2623 2190 2691 fui.

340 2736 561 2824 Quam
598 2760 725 2829 ego
762 2734 963 2803 matri
1000 2760 1163 2803 meae
1203 2732 1401 2803 retuli
1440 2734 1929 2820 invitissumUS,

341 2846 501 2913 Eam
544 2846 715 2914 mihi
762 2870 1109 2941 nunquam
1144 2844 1376 2915 retulit
1414 2860 1632 2913 mater
1675 2846 1982 2941 gratiam.

418 3058 515 3111 88.
533 3055 749 3123 Curate,
777 3070 879 3111 etc.
907 3057 1113 3129 Amph.
1140 3060 1190 3119 Ι,
1221 3058 1275 3121 3,
1308 3076 1358 3113 t.

1533 3064 1586 3121 4.
1619 3059 1748 3109 Eam
1775 3058 1893 3110 mihi
1914 3076 2173 3129 nunquam.
2203 3055 2328 3109 Haec
2356 3076 2490 3109 con·

420 3140 511 3207 89.
536 3138 681 3191 Nunc
693 3137 876 3207 placet.
900 3139 1080 3209 Lego:
1110 3139 1363 3209 nuncplu-
1447 3140 1654 3209 iectura
1682 3150 1761 3191 est
1791 3136 2037 3189 Acidalii.
2067 3136 2202 3189 MSS
2223 3174 2240 3201 ‚
2273 3137 2484 3201 «Quam

344 3235 431 3269 ces.
458 3218 530 3270 Et
569 3217 751 3269 nescio
792 3236 861 3271 an
908 3236 1147 3290 unquam
1188 3218 1362 3271 aliter.

346 3295 443 3349 Cui
462 3295 785 3367 respondet,
814 3310 867 3349 et
890 3310 1144 3369 tanquam
1173 3297 1361 3351 adver·

344 3389 509 3442 satur,
539 3378 657 3431 Non
692 3377 871 3445 places.
910 3378 1135 3444 Trucul.
1188 3404 1211 3426 α
1238 3378 1363 3431 Non

344 3456 515 3525 places
541 3473 555 3509 ε
585 3455 643 3509 in
695 3470 943 3510 mutuum
990 3458 1201 3511 confers
1251 3457 1365 3509 cul-

345 3554 469 3605 pam
490 3560 513 3582 »
528 3575 542 3590 .
572 3536 628 3589 J.
652 3535 797 3589 Gur..

418 3634 514 3685 9⁰·
542 3616 663 3669 Imo,
696 3617 843 3669 Pers.
870 3616 973 3682 IV,
1010 3634 1062 3679 1,
1084 3620 1180 3669 61.

427 3712 449 3747 1
463 3735 478 3747 .
494 3690 983 3763 Famemfuae'sse,etc.
998 3695 1243 3749 Ridicula
1268 3694 1368 3749 hu-

340 3774 571 3843 jusmodi
612 3777 817 3829 cantica
856 3776 1208 3847 parasitorum
1250 3794 1370 3847 pas-

342 3852 438 3905 sim
465 3851 610 3923 apud
638 3854 884 3907 Plautum
914 3856 1177 3927 reperias,
1208 3854 1367 3925 Capt.

343 3931 390 3995 1,
418 3934 663 3997 1;Menae
694 3935 807 3986 hm.
828 3936 875 4001 1,
908 3954 961 3999 13
985 3937 1129 3989 Pers.
1155 3937 1207 3997 Ι,
1242 3953 1295 3999 2,
1319 3946 1371 3987 et

343 4012 499 4063 semel
521 4031 627 4081 apu
684 4017 903 4070 Terent.
924 4016 1168 4070 Eunuch.
1194 4015 1284 4080 11,
1316 4015 1368 4067 3.

345 4090 631 4143 Rotrovius
668 4094 766 4147 hos
803 4112 984 4152 versus
1026 4093 1372 4148 Menaechmis

348 4170 532 4238 gallice
551 4171 729 4225 vertit.
763 4174 830 4225 N.

1450 3236 1549 3288 ego
1576 3218 1734 3270 matri
1764 3235 1896 3269 meae
1922 3218 2098 3269 refero
2120 3216 2487 3279 invitissimus,

1452 3298 1644 3368 Neque
1691 3296 1876 3350 retulit
1933 3315 2094 3367 quam
2151 3314 2250 3366 ego
2307 3296 2483 3348 resero

1452 3396 1585 3431 meae
1622 3376 1779 3429 matri
1817 3377 1964 3428 Fami
1987 3401 2035 3428 ιι.
2065 3374 2226 3428 Unde
2253 3378 2308 3427 τὸ
2338 3374 2486 3427 Fami

1455 3456 1748 3509 tollendum
1773 3474 1881 3509 non
1904 3455 2064 3509 fuisse
2086 3452 2321 3508 ostendit
2348 3455 2491 3507 Sosi·

1451 3549 1603 3607 pater
1659 3535 1932 3590 Charisius
1959 3575 1974 3599 ,
2045 3536 2140 3605 qui
2205 3535 2484 3587 annotavit

1454 3618 1704 3669 Plautum
1735 3616 1792 3667 in
1819 3616 2006 3669 Sticho
2028 3614 2221 3668 dixisse
2231 3616 2380 3680 fami.
2394 3614 2498 3666 Pa-

1451 3714 1578 3749 reus
1611 3694 1774 3765 igitur
1815 3693 1870 3747 id
1916 3695 2113 3766 traJ'icit
2149 3694 2203 3745 in
2241 3694 2486 3763 priorem

1455 3793 1666 3828 versum
1690 3814 1705 3839 ,
1735 3774 1948 3835 sublato,
1975 3782 2046 3845 τῷ
2073 3774 2248 3841 refero.
2281 3772 2488 3825 Deinde

1456 3855 1636 3907 nescio
1667 3872 1826 3925 quam
1848 3854 2012 3917 bene,
2041 3854 2135 3923 qui
2165 3852 2490 3905 beneficium

1458 3933 1579 3999 dat,
1599 3953 1627 3985 a
1647 3952 1754 4006 quo
1775 3932 1965 4003 incipit
1983 3932 2324 4003 benignitatis
2344 3952 2490 3985 com-

1459 4013 1748 4076 mercium,
1777 4012 1822 4069 is
1857 4010 2064 4065 dicatur
2101 4014 2344 4065 retulisse
2375 4033 2494 4083 gra-

1463 4094 1610 4145 tiam.
1643 4092 1895 4163 Suspicor
1933 4105 2110 4145 autem
2139 4092 2210 4145 ita
2236 4092 2492 4164 scriptum

1465 4172 1626 4225 fuisse
1665 4191 1678 4223 τ
1727 4172 2006 4227 ·Gratiam
2037 4191 2137 4244 ego
2171 4172 2330 4226 matri
2366 4191 2499 4225 meae
2611 4224 2614 4229 .
