<?xml version="1.0" encoding="UTF-8"?>
<!DOCTYPE html PUBLIC "-//W3C//DTD XHTML 1.0 Transitional//EN"
    "http://www.w3.org/TR/xhtml1/DTD/xhtml1-transitional.dtd">
<html xmlns="http://www.w3.org/1999/xhtml" xml:lang="en" lang="en">
 <head>
  <title>
</title>
<meta http-equiv="Content-Type" content="text/html;charset=utf-8" />
  <meta name='ocr-system' content='tesseract 3.04.00' />
  <meta name='ocr-capabilities' content='ocr_page ocr_carea ocr_par ocr_line ocrx_word'/>
</head>
<body>
  <div class='ocr_page' id='page_1' title='image "./macciiplauticom00naudgoog_0080.png"; bbox 0 0 3067 5017; ppageno 0'>
   <div class='ocr_carea' id='block_1_1' title="bbox 640 476 1994 571">
    <p class='ocr_par' dir='ltr' id='par_1_1' title="bbox 640 476 1994 571">
     <span class='ocr_line' id='line_1_1' title="bbox 640 476 1994 571; baseline 0.001 -28"><span class='ocrx_word' id='word_1_1' title='bbox 640 498 732 571; x_wconf 87' lang='lat'><strong>70</strong></span> <span class='ocrx_word' id='word_1_2' title='bbox 1413 476 1994 559; x_wconf 65' lang='lat' dir='ltr'><strong>pommus,</strong></span> 
     </span>
    </p>
   </div>
   <div class='ocr_carea' id='block_1_2' title="bbox 629 593 2835 2559">
    <p class='ocr_par' dir='ltr' id='par_1_2' title="bbox 629 593 2775 799">
     <span class='ocr_line' id='line_1_2' title="bbox 629 593 2775 689; baseline -0.002 -19"><span class='ocrx_word' id='word_1_3' title='bbox 629 620 821 670; x_wconf 72' lang='lat' dir='ltr'><strong>snm.</strong></span> <span class='ocrx_word' id='word_1_4' title='bbox 852 593 1142 678; x_wconf 87' lang='lat' dir='ltr'><strong>Eodem,</strong></span> <span class='ocrx_word' id='word_1_5' title='bbox 1181 620 1317 689; x_wconf 94' lang='lat' dir='ltr'><strong>quo</strong></span> <span class='ocrx_word' id='word_1_6' title='bbox 1355 620 1546 667; x_wconf 87' lang='lat' dir='ltr'><strong>soror</strong></span> <span class='ocrx_word' id='word_1_7' title='bbox 1568 596 1763 667; x_wconf 82' lang='lat' dir='ltr'><strong>illius</strong></span> <span class='ocrx_word' id='word_1_8' title='bbox 1801 595 2011 665; x_wconf 86' lang='lat' dir='ltr'><strong>altera</strong></span> <span class='ocrx_word' id='word_1_9' title='bbox 2050 594 2488 667; x_wconf 79' lang='lat' dir='ltr'><strong>Anterastilis,</strong></span> <span class='ocrx_word' id='word_1_10' title='bbox 2520 616 2775 666; x_wconf 65' lang='lat' dir='ltr'><strong>Mam.</strong></span> 
     </span>
     <span class='ocr_line' id='line_1_3' title="bbox 925 704 2129 799; baseline 0 -24"><span class='ocrx_word' id='word_1_11' title='bbox 925 704 1055 775; x_wconf 86' lang='lat' dir='ltr'><strong>Sed</strong></span> <span class='ocrx_word' id='word_1_12' title='bbox 1090 704 1208 799; x_wconf 74' lang='lat' dir='ltr'><strong>qui</strong></span> <span class='ocrx_word' id='word_1_13' title='bbox 1244 704 1311 773; x_wconf 88' lang='lat' dir='ltr'><strong>id</strong></span> <span class='ocrx_word' id='word_1_14' title='bbox 1355 707 1667 777; x_wconf 82' lang='lat' dir='ltr'><strong>credam?</strong></span> <span class='ocrx_word' id='word_1_15' title='bbox 1708 731 1927 779; x_wconf 70' lang='lat' dir='ltr'><strong>sYNc..</strong></span> <span class='ocrx_word' id='word_1_16' title='bbox 1950 707 2129 797; x_wconf 85' lang='lat' dir='ltr'><strong>Quia</strong></span> 
     </span>
    </p>

    <p class='ocr_par' dir='ltr' id='par_1_3' title="bbox 637 814 2661 912">
     <span class='ocr_line' id='line_1_4' title="bbox 637 814 2661 912; baseline -0.002 -26"><span class='ocrx_word' id='word_1_17' title='bbox 637 816 808 903; x_wconf 83' lang='lat' dir='ltr'><strong>Illas</strong></span> <span class='ocrx_word' id='word_1_18' title='bbox 833 816 996 884; x_wconf 87' lang='lat' dir='ltr'><strong>emit</strong></span> <span class='ocrx_word' id='word_1_19' title='bbox 1032 816 1105 883; x_wconf 87' lang='lat' dir='ltr'><strong>in</strong></span> <span class='ocrx_word' id='word_1_20' title='bbox 1140 818 1506 886; x_wconf 87' lang='lat' dir='ltr'><strong>Anactorio</strong></span> <span class='ocrx_word' id='word_1_21' title='bbox 1546 816 1890 912; x_wconf 82' lang='lat' dir='ltr'>parvolas,</span> <span class='ocrx_word' id='word_1_22' title='bbox 1924 815 2383 909; x_wconf 83' lang='lat' dir='ltr'><strong>duodeviginti</strong></span> <span class='ocrx_word' id='word_1_23' title='bbox 2420 814 2619 883; x_wconf 90' lang='lat' dir='ltr'><strong>minis</strong></span> <span class='ocrx_word' id='word_1_24' title='bbox 2641 867 2661 900; x_wconf 90' lang='lat'>‚</span> 
     </span>
    </p>

    <p class='ocr_par' dir='ltr' id='par_1_4' title="bbox 635 921 2831 1106">
     <span class='ocr_line' id='line_1_5' title="bbox 635 921 2831 1021; baseline -0.005 -22"><span class='ocrx_word' id='word_1_25' title='bbox 635 932 742 999; x_wconf 90' lang='lat' dir='ltr'><strong>De</strong></span> <span class='ocrx_word' id='word_1_26' title='bbox 784 926 1098 1021; x_wconf 77' lang='lat' dir='ltr'><strong>praedone</strong></span> <span class='ocrx_word' id='word_1_27' title='bbox 1134 924 1379 995; x_wconf 89' lang='lat' dir='ltr'><strong>Siculo.</strong></span> <span class='ocrx_word' id='word_1_28' title='bbox 1425 952 1679 997; x_wconf 66' lang='lat' dir='ltr'><strong>Maru.</strong></span> <span class='ocrx_word' id='word_1_29' title='bbox 1720 927 2023 1017; x_wconf 80' lang='lat' dir='ltr'><strong>Quanti?</strong></span> <span class='ocrx_word' id='word_1_30' title='bbox 2058 949 2254 997; x_wconf 67' lang='lat' dir='ltr'><strong>succ.</strong></span> <span class='ocrx_word' id='word_1_31' title='bbox 2302 921 2780 1017; x_wconf 84' lang='lat' dir='ltr'><strong>Duodeviginti</strong></span> <span class='ocrx_word' id='word_1_32' title='bbox 2822 964 2831 986; x_wconf 82' lang='lat'><strong>.</strong></span> 
     </span>
     <span class='ocr_line' id='line_1_6' title="bbox 935 1048 2782 1106; baseline 0.002 -3"><span class='ocrx_word' id='word_1_33' title='bbox 935 1061 1156 1106; x_wconf 77' lang='lat' dir='ltr'><strong>minis,</strong></span> <span class='ocrx_word' id='word_1_34' title='bbox 1467 1088 1471 1092; x_wconf 87' lang='lat'>-</span> <span class='ocrx_word' id='word_1_35' title='bbox 2730 1048 2782 1106; x_wconf 78' lang='lat'><strong>⁷5</strong></span> 
     </span>
    </p>

    <p class='ocr_par' dir='ltr' id='par_1_5' title="bbox 635 1144 2556 1218">
     <span class='ocr_line' id='line_1_7' title="bbox 635 1144 2556 1218; baseline -0.004 0"><span class='ocrx_word' id='word_1_36' title='bbox 635 1170 889 1218; x_wconf 66' lang='lat' dir='ltr'><strong>marn.</strong></span> <span class='ocrx_word' id='word_1_37' title='bbox 933 1149 1120 1215; x_wconf 88' lang='lat' dir='ltr'><strong>Duas</strong></span> <span class='ocrx_word' id='word_1_38' title='bbox 1158 1144 1356 1216; x_wconf 80' lang='lat' dir='ltr'><strong>illas?</strong></span> <span class='ocrx_word' id='word_1_39' title='bbox 1387 1172 1581 1218; x_wconf 58' lang='lat' dir='ltr'><strong>sanc.</strong></span> <span class='ocrx_word' id='word_1_40' title='bbox 1615 1147 1962 1217; x_wconf 82' lang='lat' dir='ltr'>Nutricem</span> <span class='ocrx_word' id='word_1_41' title='bbox 1998 1170 2229 1214; x_wconf 82' lang='lat' dir='ltr'><strong>earum</strong></span> <span class='ocrx_word' id='word_1_42' title='bbox 2268 1144 2556 1213; x_wconf 85' lang='lat' dir='ltr'><strong>tertiam.</strong></span> 
     </span>
    </p>

    <p class='ocr_par' dir='ltr' id='par_1_6' title="bbox 641 1254 2591 1348">
     <span class='ocr_line' id='line_1_8' title="bbox 641 1254 2591 1348; baseline -0.005 -19"><span class='ocrx_word' id='word_1_43' title='bbox 641 1260 734 1329; x_wconf 87' lang='lat' dir='ltr'><strong>Et</strong></span> <span class='ocrx_word' id='word_1_44' title='bbox 776 1254 888 1323; x_wconf 89' lang='lat' dir='ltr'><strong>ille</strong></span> <span class='ocrx_word' id='word_1_45' title='bbox 926 1256 1042 1348; x_wconf 90' lang='lat' dir='ltr'><strong>qui</strong></span> <span class='ocrx_word' id='word_1_46' title='bbox 1081 1280 1192 1323; x_wconf 89' lang='lat' dir='ltr'><strong>eas</strong></span> <span class='ocrx_word' id='word_1_47' title='bbox 1229 1255 1601 1343; x_wconf 83' lang='lat' dir='ltr'>vendebat,</span> <span class='ocrx_word' id='word_1_48' title='bbox 1641 1256 1809 1326; x_wconf 85' lang='lat' dir='ltr'><strong>dixit</strong></span> <span class='ocrx_word' id='word_1_49' title='bbox 1840 1282 1911 1325; x_wconf 88' lang='lat' dir='ltr'><strong>se</strong></span> <span class='ocrx_word' id='word_1_50' title='bbox 1947 1255 2231 1325; x_wconf 86' lang='lat' dir='ltr'><strong>furtivas</strong></span> <span class='ocrx_word' id='word_1_51' title='bbox 2266 1254 2591 1340; x_wconf 86' lang='lat' dir='ltr'><strong>vendere;</strong></span> 
     </span>
    </p>

    <p class='ocr_par' dir='ltr' id='par_1_7' title="bbox 635 1358 2784 1461">
     <span class='ocr_line' id='line_1_9' title="bbox 635 1358 2784 1461; baseline -0.002 -25"><span class='ocrx_word' id='word_1_52' title='bbox 635 1370 967 1461; x_wconf 85' lang='lat' dir='ltr'><strong>Ingenuas</strong></span> <span class='ocrx_word' id='word_1_53' title='bbox 995 1365 1406 1460; x_wconf 83' lang='lat' dir='ltr'><strong>Carthagine</strong></span> <span class='ocrx_word' id='word_1_54' title='bbox 1429 1366 1608 1434; x_wconf 85' lang='lat' dir='ltr'><strong>aibat</strong></span> <span class='ocrx_word' id='word_1_55' title='bbox 1640 1392 1805 1435; x_wconf 90' lang='lat' dir='ltr'><strong>esse.</strong></span> <span class='ocrx_word' id='word_1_56' title='bbox 1832 1389 2088 1436; x_wconf 69' lang='lat' dir='ltr'><strong>mum.</strong></span> <span class='ocrx_word' id='word_1_57' title='bbox 2108 1362 2200 1435; x_wconf 92' lang='lat' dir='ltr'><strong>Di</strong></span> <span class='ocrx_word' id='word_1_58' title='bbox 2233 1378 2525 1431; x_wconf 82' lang='lat' dir='ltr'><strong>vostram</strong></span> <span class='ocrx_word' id='word_1_59' title='bbox 2548 1358 2784 1431; x_wconf 86' lang='lat' dir='ltr'><strong>fidem!</strong></span> 
     </span>
    </p>

    <p class='ocr_par' dir='ltr' id='par_1_8' title="bbox 637 1473 2835 1653">
     <span class='ocr_line' id='line_1_10' title="bbox 637 1473 2835 1569; baseline -0.003 -22"><span class='ocrx_word' id='word_1_60' title='bbox 637 1478 943 1547; x_wconf 87' lang='lat' dir='ltr'><strong>Nimium</strong></span> <span class='ocrx_word' id='word_1_61' title='bbox 971 1473 1265 1569; x_wconf 87' lang='lat' dir='ltr'><strong>lepidum</strong></span> <span class='ocrx_word' id='word_1_62' title='bbox 1297 1501 1629 1545; x_wconf 88' lang='lat' dir='ltr'><strong>memoras</strong></span> <span class='ocrx_word' id='word_1_63' title='bbox 1658 1476 1954 1546; x_wconf 78' lang='lat' dir='ltr'><strong>facinus:</strong></span> <span class='ocrx_word' id='word_1_64' title='bbox 1987 1500 2143 1544; x_wconf 88' lang='lat' dir='ltr'><strong>narn</strong></span> <span class='ocrx_word' id='word_1_65' title='bbox 2166 1475 2376 1543; x_wconf 85' lang='lat' dir='ltr'><strong>herus</strong></span> <span class='ocrx_word' id='word_1_66' title='bbox 2407 1498 2596 1542; x_wconf 89' lang='lat' dir='ltr'><strong>meus</strong></span> <span class='ocrx_word' id='word_1_67' title='bbox 2620 1476 2790 1565; x_wconf 87' lang='lat' dir='ltr'><strong>Ago-</strong></span> <span class='ocrx_word' id='word_1_68' title='bbox 2824 1515 2835 1519; x_wconf 92' lang='lat'>-</span> 
     </span>
     <span class='ocr_line' id='line_1_11' title="bbox 929 1582 1279 1653; baseline 0.006 -2"><span class='ocrx_word' id='word_1_69' title='bbox 929 1582 1242 1653; x_wconf 89' lang='lat' dir='ltr'><strong>rastocles</strong></span> <span class='ocrx_word' id='word_1_70' title='bbox 1273 1628 1279 1635; x_wconf 84' lang='lat'><strong>·</strong></span> 
     </span>
    </p>

    <p class='ocr_par' dir='ltr' id='par_1_9' title="bbox 637 1693 2793 1790">
     <span class='ocr_line' id='line_1_12' title="bbox 637 1693 2793 1790; baseline -0.004 -22"><span class='ocrx_word' id='word_1_71' title='bbox 637 1694 900 1768; x_wconf 86' lang='lat' dir='ltr'><strong>Ibidem</strong></span> <span class='ocrx_word' id='word_1_72' title='bbox 935 1709 1212 1789; x_wconf 80' lang='lat' dir='ltr'><strong>gnatuS‚</strong></span> <span class='ocrx_word' id='word_1_73' title='bbox 1249 1695 1405 1763; x_wconf 87' lang='lat' dir='ltr'><strong>inde</strong></span> <span class='ocrx_word' id='word_1_74' title='bbox 1444 1696 1801 1790; x_wconf 86' lang='lat' dir='ltr'><strong>subreptus</strong></span> <span class='ocrx_word' id='word_1_75' title='bbox 1841 1696 1977 1765; x_wconf 90' lang='lat' dir='ltr'><strong>fere</strong></span> <span class='ocrx_word' id='word_1_76' title='bbox 2015 1695 2349 1777; x_wconf 52' lang='lat' dir='ltr'><strong>sexennis„</strong></span> <span class='ocrx_word' id='word_1_77' title='bbox 2382 1693 2630 1787; x_wconf 86' lang='lat' dir='ltr'><strong>postibi</strong></span> <span class='ocrx_word' id='word_1_78' title='bbox 2741 1714 2793 1753; x_wconf 73' lang='lat' dir='ltr'><strong>ao</strong></span> 
     </span>
    </p>

    <p class='ocr_par' dir='ltr' id='par_1_10' title="bbox 638 1801 2791 1899">
     <span class='ocr_line' id='line_1_13' title="bbox 638 1801 2791 1899; baseline -0.003 -24"><span class='ocrx_word' id='word_1_79' title='bbox 638 1806 779 1898; x_wconf 87' lang='lat' dir='ltr'><strong>Qui</strong></span> <span class='ocrx_word' id='word_1_80' title='bbox 811 1830 963 1875; x_wconf 88' lang='lat' dir='ltr'><strong>eum</strong></span> <span class='ocrx_word' id='word_1_81' title='bbox 1007 1804 1384 1897; x_wconf 83' lang='lat' dir='ltr'><strong>subripuit,</strong></span> <span class='ocrx_word' id='word_1_82' title='bbox 1421 1806 1555 1874; x_wconf 85' lang='lat' dir='ltr'><strong>huc</strong></span> <span class='ocrx_word' id='word_1_83' title='bbox 1600 1805 1898 1894; x_wconf 83' lang='lat' dir='ltr'><strong>devexit,</strong></span> <span class='ocrx_word' id='word_1_84' title='bbox 1932 1828 2217 1899; x_wconf 87' lang='lat' dir='ltr'><strong>meoque</strong></span> <span class='ocrx_word' id='word_1_85' title='bbox 2254 1804 2418 1872; x_wconf 88' lang='lat' dir='ltr'><strong>hero</strong></span> <span class='ocrx_word' id='word_1_86' title='bbox 2450 1828 2600 1872; x_wconf 88' lang='lat' dir='ltr'><strong>eum</strong></span> <span class='ocrx_word' id='word_1_87' title='bbox 2642 1801 2791 1870; x_wconf 90' lang='lat' dir='ltr'><strong>heic</strong></span> 
     </span>
    </p>

    <p class='ocr_par' dir='ltr' id='par_1_11' title="bbox 707 1910 1264 1984">
     <span class='ocr_line' id='line_1_14' title="bbox 707 1910 1264 1984; baseline 0.005 -3"><span class='ocrx_word' id='word_1_88' title='bbox 707 1910 719 1925; x_wconf 62' lang='lat'><em>²</em></span> <span class='ocrx_word' id='word_1_89' title='bbox 935 1914 1264 1984; x_wconf 79' lang='lat' dir='ltr'><strong>vendidit.</strong></span> 
     </span>
    </p>

    <p class='ocr_par' dir='ltr' id='par_1_12' title="bbox 647 2002 2793 2121">
     <span class='ocr_line' id='line_1_15' title="bbox 647 2002 2793 2121; baseline -0.003 -23"><span class='ocrx_word' id='word_1_90' title='bbox 647 2031 716 2098; x_wconf 90' lang='lat' dir='ltr'><strong>Is</strong></span> <span class='ocrx_word' id='word_1_91' title='bbox 735 2025 806 2094; x_wconf 90' lang='lat' dir='ltr'><strong>in</strong></span> <span class='ocrx_word' id='word_1_92' title='bbox 825 2024 1089 2093; x_wconf 85' lang='lat' dir='ltr'><strong>divitias</strong></span> <span class='ocrx_word' id='word_1_93' title='bbox 1109 2024 1314 2096; x_wconf 90' lang='lat' dir='ltr'><strong>homo</strong></span> <span class='ocrx_word' id='word_1_94' title='bbox 1334 2026 1678 2121; x_wconf 88' lang='lat' dir='ltr'><strong>adoptavit</strong></span> <span class='ocrx_word' id='word_1_95' title='bbox 1695 2002 1879 2095; x_wconf 79' lang='lat' dir='ltr'><strong>hunc</strong></span> <span class='ocrx_word' id='word_1_96' title='bbox 1896 2079 1915 2113; x_wconf 91' lang='lat'>‚</span> <span class='ocrx_word' id='word_1_97' title='bbox 1940 2051 2144 2119; x_wconf 93' lang='lat' dir='ltr'><strong>quom</strong></span> <span class='ocrx_word' id='word_1_98' title='bbox 2177 2008 2353 2093; x_wconf 87' lang='lat' dir='ltr'><strong>diem</strong></span> <span class='ocrx_word' id='word_1_99' title='bbox 2382 2024 2553 2093; x_wconf 87' lang='lat' dir='ltr'><strong>obiit</strong></span> <span class='ocrx_word' id='word_1_100' title='bbox 2576 2049 2793 2092; x_wconf 83' lang='lat' dir='ltr'><strong>suum.</strong></span> 
     </span>
    </p>

    <p class='ocr_par' dir='ltr' id='par_1_13' title="bbox 649 2134 2796 2314">
     <span class='ocr_line' id='line_1_16' title="bbox 649 2134 2796 2230; baseline -0.002 -25"><span class='ocrx_word' id='word_1_101' title='bbox 649 2159 850 2206; x_wconf 66' lang='lat' dir='ltr'><strong>stuc.</strong></span> <span class='ocrx_word' id='word_1_102' title='bbox 918 2135 1168 2203; x_wconf 91' lang='lat' dir='ltr'><strong>Omnia</strong></span> <span class='ocrx_word' id='word_1_103' title='bbox 1219 2160 1613 2224; x_wconf 84' lang='lat' dir='ltr'><strong>memoras3.</strong></span> <span class='ocrx_word' id='word_1_104' title='bbox 1646 2162 1781 2230; x_wconf 92' lang='lat' dir='ltr'><strong>quo</strong></span> <span class='ocrx_word' id='word_1_105' title='bbox 1824 2136 1896 2204; x_wconf 91' lang='lat' dir='ltr'><strong>id</strong></span> <span class='ocrx_word' id='word_1_106' title='bbox 1929 2135 2187 2205; x_wconf 78' lang='lat' dir='ltr'><strong>facilius</strong></span> <span class='ocrx_word' id='word_1_107' title='bbox 2229 2134 2379 2221; x_wconf 86' lang='lat' dir='ltr'><strong>flat,</strong></span> <span class='ocrx_word' id='word_1_108' title='bbox 2432 2159 2641 2202; x_wconf 86' lang='lat' dir='ltr'><strong>manu</strong></span> <span class='ocrx_word' id='word_1_109' title='bbox 2684 2158 2796 2202; x_wconf 87' lang='lat' dir='ltr'><strong>eas</strong></span> 
     </span>
     <span class='ocr_line' id='line_1_17' title="bbox 942 2244 1203 2314; baseline 0.011 -3"><span class='ocrx_word' id='word_1_110' title='bbox 942 2244 1203 2314; x_wconf 85' lang='lat' dir='ltr'><strong>adserat</strong></span> 
     </span>
    </p>

    <p class='ocr_par' dir='ltr' id='par_1_14' title="bbox 651 2346 2770 2448">
     <span class='ocr_line' id='line_1_18' title="bbox 651 2346 2770 2448; baseline 0 -25"><span class='ocrx_word' id='word_1_111' title='bbox 651 2357 820 2424; x_wconf 89' lang='lat' dir='ltr'><strong>Suas</strong></span> <span class='ocrx_word' id='word_1_112' title='bbox 847 2353 1230 2448; x_wconf 86' lang='lat' dir='ltr'><strong>populareis</strong></span> <span class='ocrx_word' id='word_1_113' title='bbox 1247 2408 1264 2437; x_wconf 85' lang='lat'>‚</span> <span class='ocrx_word' id='word_1_114' title='bbox 1285 2354 1545 2425; x_wconf 87' lang='lat' dir='ltr'><strong>liberali</strong></span> <span class='ocrx_word' id='word_1_115' title='bbox 1565 2380 1785 2425; x_wconf 88' lang='lat' dir='ltr'><strong>causa.</strong></span> <span class='ocrx_word' id='word_1_116' title='bbox 1806 2380 2055 2425; x_wconf 77' lang='lat' dir='ltr'><strong>MtLPH.</strong></span> <span class='ocrx_word' id='word_1_117' title='bbox 2081 2356 2352 2424; x_wconf 84' lang='lat' dir='ltr'><strong>Tacitus</strong></span> <span class='ocrx_word' id='word_1_118' title='bbox 2376 2369 2522 2422; x_wconf 87' lang='lat' dir='ltr'><strong>tace</strong></span> <span class='ocrx_word' id='word_1_119' title='bbox 2543 2346 2770 2423; x_wconf 77' lang='lat' dir='ltr'><strong>inodo.</strong></span> 
     </span>
    </p>

    <p class='ocr_par' dir='ltr' id='par_1_15' title="bbox 652 2462 2800 2559">
     <span class='ocr_line' id='line_1_19' title="bbox 652 2462 2800 2559; baseline -0.002 -23"><span class='ocrx_word' id='word_1_120' title='bbox 652 2489 851 2537; x_wconf 74' lang='lat' dir='ltr'><strong>sYNc.</strong></span> <span class='ocrx_word' id='word_1_121' title='bbox 917 2464 1225 2534; x_wconf 84' lang='lat' dir='ltr'><strong>Profecto</strong></span> <span class='ocrx_word' id='word_1_122' title='bbox 1281 2466 1367 2534; x_wconf 89' lang='lat' dir='ltr'><strong>ad</strong></span> <span class='ocrx_word' id='word_1_123' title='bbox 1417 2467 1655 2535; x_wconf 87' lang='lat' dir='ltr'><strong>incitas</strong></span> <span class='ocrx_word' id='word_1_124' title='bbox 1710 2465 2021 2535; x_wconf 89' lang='lat' dir='ltr'><strong>lenonem</strong></span> <span class='ocrx_word' id='word_1_125' title='bbox 2074 2464 2369 2559; x_wconf 87' lang='lat' dir='ltr'><strong>rediget,</strong></span> <span class='ocrx_word' id='word_1_126' title='bbox 2418 2462 2472 2533; x_wconf 92' lang='lat' dir='ltr'><strong>si</strong></span> <span class='ocrx_word' id='word_1_127' title='bbox 2526 2487 2636 2531; x_wconf 89' lang='lat' dir='ltr'><strong>eas</strong></span> <span class='ocrx_word' id='word_1_128' title='bbox 2684 2462 2800 2533; x_wconf 89' lang='lat' dir='ltr'><strong>ab·</strong></span> 
     </span>
    </p>
   </div>
   <div class='ocr_carea' id='block_1_3' title="bbox 951 2573 1233 2646">
    <p class='ocr_par' dir='ltr' id='par_1_16' title="bbox 951 2573 1233 2646">
     <span class='ocr_line' id='line_1_20' title="bbox 951 2573 1233 2646; baseline 0.011 -3"><span class='ocrx_word' id='word_1_129' title='bbox 951 2573 1233 2646; x_wconf 87' lang='lat' dir='ltr'><strong>duxerit.</strong></span> 
     </span>
    </p>
   </div>
   <div class='ocr_carea' id='block_1_4' title="bbox 659 2764 1697 4261">
    <p class='ocr_par' dir='ltr' id='par_1_17' title="bbox 659 2764 1692 3232">
     <span class='ocr_line' id='line_1_21' title="bbox 743 2764 1689 2834; baseline 0.003 -19"><span class='ocrx_word' id='word_1_130' title='bbox 743 2767 839 2834; x_wconf 89' lang='lat'><strong>76.</strong></span> <span class='ocrx_word' id='word_1_131' title='bbox 871 2765 1107 2816; x_wconf 72' lang='lat' dir='ltr'><strong>Tertiam.</strong></span> <span class='ocrx_word' id='word_1_132' title='bbox 1138 2764 1258 2817; x_wconf 82' lang='lat' dir='ltr'><strong>Hoc</strong></span> <span class='ocrx_word' id='word_1_133' title='bbox 1283 2780 1441 2817; x_wconf 84' lang='lat' dir='ltr'><strong>sensu</strong></span> <span class='ocrx_word' id='word_1_134' title='bbox 1471 2781 1486 2816; x_wconf 74' lang='grc' dir='ltr'><strong><em>ε</em></strong></span> <span class='ocrx_word' id='word_1_135' title='bbox 1519 2764 1689 2829; x_wconf 88' lang='lat' dir='ltr'><strong>Quod</strong></span> 
     </span>
     <span class='ocr_line' id='line_1_22' title="bbox 664 2842 1692 2907; baseline 0.001 -11"><span class='ocrx_word' id='word_1_136' title='bbox 664 2856 724 2896; x_wconf 88' lang='lat' dir='ltr'><strong>tu</strong></span> <span class='ocrx_word' id='word_1_137' title='bbox 747 2844 987 2907; x_wconf 85' lang='lat' dir='ltr'><strong>miraris,</strong></span> <span class='ocrx_word' id='word_1_138' title='bbox 1015 2842 1146 2897; x_wconf 81' lang='lat' dir='ltr'><strong>duas</strong></span> <span class='ocrx_word' id='word_1_139' title='bbox 1173 2843 1289 2896; x_wconf 77' lang='lat' dir='ltr'><strong>illas</strong></span> <span class='ocrx_word' id='word_1_140' title='bbox 1319 2856 1426 2895; x_wconf 85' lang='lat' dir='ltr'><strong>tam</strong></span> <span class='ocrx_word' id='word_1_141' title='bbox 1452 2845 1548 2896; x_wconf 86' lang='lat' dir='ltr'><strong>vili</strong></span> <span class='ocrx_word' id='word_1_142' title='bbox 1579 2864 1692 2898; x_wconf 89' lang='lat' dir='ltr'><strong>em-</strong></span> 
     </span>
     <span class='ocr_line' id='line_1_23' title="bbox 659 2923 1692 2989; baseline 0.002 -14"><span class='ocrx_word' id='word_1_143' title='bbox 659 2935 773 2989; x_wconf 77' lang='lat' dir='ltr'><strong>tas;</strong></span> <span class='ocrx_word' id='word_1_144' title='bbox 805 2924 1022 2977; x_wconf 82' lang='lat' dir='ltr'><strong>accessit</strong></span> <span class='ocrx_word' id='word_1_145' title='bbox 1060 2923 1218 2977; x_wconf 84' lang='lat' dir='ltr'><strong>etiam</strong></span> <span class='ocrx_word' id='word_1_146' title='bbox 1258 2924 1416 2976; x_wconf 84' lang='lat' dir='ltr'><strong>tertia</strong></span> <span class='ocrx_word' id='word_1_147' title='bbox 1451 2945 1464 2975; x_wconf 74' lang='grc' dir='ltr'><em>ε</em></span> <span class='ocrx_word' id='word_1_148' title='bbox 1513 2924 1585 2977; x_wconf 84' lang='lat' dir='ltr'><strong>ita</strong></span> <span class='ocrx_word' id='word_1_149' title='bbox 1630 2938 1692 2977; x_wconf 87' lang='lat' dir='ltr'><strong>ut</strong></span> 
     </span>
     <span class='ocr_line' id='line_1_24' title="bbox 665 3001 1689 3070; baseline 0.002 -15"><span class='ocrx_word' id='word_1_150' title='bbox 665 3015 772 3055; x_wconf 87' lang='lat' dir='ltr'><strong>tres</strong></span> <span class='ocrx_word' id='word_1_151' title='bbox 819 3003 1091 3055; x_wconf 80' lang='lat' dir='ltr'><strong>venierint</strong></span> <span class='ocrx_word' id='word_1_152' title='bbox 1144 3001 1442 3056; x_wconf 84' lang='lat' dir='ltr'><strong>octodecim</strong></span> <span class='ocrx_word' id='word_1_153' title='bbox 1497 3004 1689 3070; x_wconf 87' lang='lat' dir='ltr'><strong>minis;</strong></span> 
     </span>
     <span class='ocr_line' id='line_1_25' title="bbox 666 3081 1691 3153; baseline 0.004 -19"><span class='ocrx_word' id='word_1_154' title='bbox 666 3100 834 3153; x_wconf 86' lang='lat' dir='ltr'><strong>quum</strong></span> <span class='ocrx_word' id='word_1_155' title='bbox 859 3082 1079 3134; x_wconf 79' lang='lat' dir='ltr'><strong>solenne</strong></span> <span class='ocrx_word' id='word_1_156' title='bbox 1105 3081 1230 3135; x_wconf 83' lang='lat' dir='ltr'><strong>alias</strong></span> <span class='ocrx_word' id='word_1_157' title='bbox 1249 3083 1482 3153; x_wconf 87' lang='lat' dir='ltr'><strong>pretium</strong></span> <span class='ocrx_word' id='word_1_158' title='bbox 1511 3086 1691 3147; x_wconf 77' lang='lat' dir='ltr'><strong>unius,</strong></span> 
     </span>
     <span class='ocr_line' id='line_1_26' title="bbox 662 3161 1593 3232; baseline -0.001 -18"><span class='ocrx_word' id='word_1_159' title='bbox 662 3174 726 3219; x_wconf 86' lang='lat' dir='ltr'><strong>ut</strong></span> <span class='ocrx_word' id='word_1_160' title='bbox 753 3162 1036 3226; x_wconf 85' lang='lat' dir='ltr'><strong>minimum</strong></span> <span class='ocrx_word' id='word_1_161' title='bbox 1053 3199 1070 3225; x_wconf 84' lang='lat'><strong>‚</strong></span> <span class='ocrx_word' id='word_1_162' title='bbox 1097 3161 1332 3232; x_wconf 81' lang='lat' dir='ltr'><strong>triginta.</strong></span> <span class='ocrx_word' id='word_1_163' title='bbox 1355 3166 1593 3217; x_wconf 72' lang='lat' dir='ltr'><strong>Acron..</strong></span> 
     </span>
    </p>

    <p class='ocr_par' dir='ltr' id='par_1_18' title="bbox 669 3242 1697 3623">
     <span class='ocr_line' id='line_1_27' title="bbox 753 3242 1695 3313; baseline 0.003 -21"><span class='ocrx_word' id='word_1_164' title='bbox 753 3260 848 3312; x_wconf 88' lang='lat'><strong>79.</strong></span> <span class='ocrx_word' id='word_1_165' title='bbox 884 3242 1102 3295; x_wconf 77' lang='lat' dir='ltr'><strong>Nt’mium</strong></span> <span class='ocrx_word' id='word_1_166' title='bbox 1147 3242 1384 3311; x_wconf 75' lang='lat' dir='ltr'><strong>lepidum,</strong></span> <span class='ocrx_word' id='word_1_167' title='bbox 1432 3242 1695 3313; x_wconf 78' lang='lat' dir='ltr'><strong>lepidissi-</strong></span> 
     </span>
     <span class='ocr_line' id='line_1_28' title="bbox 672 3320 1697 3390; baseline 0.004 -19"><span class='ocrx_word' id='word_1_168' title='bbox 672 3338 843 3373; x_wconf 88' lang='lat' dir='ltr'><strong>mum.</strong></span> <span class='ocrx_word' id='word_1_169' title='bbox 879 3353 961 3363; x_wconf 89' lang='grc'><strong>--</strong></span> <span class='ocrx_word' id='word_1_170' title='bbox 1006 3320 1251 3383; x_wconf 78' lang='lat' dir='ltr'><strong>Facinus,</strong></span> <span class='ocrx_word' id='word_1_171' title='bbox 1303 3340 1438 3373; x_wconf 87' lang='lat' dir='ltr'><strong>rem.</strong></span> <span class='ocrx_word' id='word_1_172' title='bbox 1480 3321 1544 3374; x_wconf 89' lang='lat' dir='ltr'><strong>Id</strong></span> <span class='ocrx_word' id='word_1_173' title='bbox 1584 3336 1697 3390; x_wconf 78' lang='lat' dir='ltr'><strong>est,</strong></span> 
     </span>
     <span class='ocr_line' id='line_1_29' title="bbox 669 3399 1697 3472; baseline 0.002 -19"><span class='ocrx_word' id='word_1_174' title='bbox 669 3413 764 3453; x_wconf 83' lang='lat' dir='ltr'><strong>tua</strong></span> <span class='ocrx_word' id='word_1_175' title='bbox 791 3399 1059 3453; x_wconf 79' lang='lat' dir='ltr'><strong>enarratio</strong></span> <span class='ocrx_word' id='word_1_176' title='bbox 1090 3401 1244 3452; x_wconf 89' lang='lat' dir='ltr'><strong>nobis</strong></span> <span class='ocrx_word' id='word_1_177' title='bbox 1277 3402 1543 3472; x_wconf 85' lang='lat' dir='ltr'><strong>contingit</strong></span> <span class='ocrx_word' id='word_1_178' title='bbox 1580 3403 1697 3455; x_wconf 85' lang='lat' dir='ltr'><strong>feli-</strong></span> 
     </span>
     <span class='ocr_line' id='line_1_30' title="bbox 671 3476 1697 3548; baseline -0.002 -12"><span class='ocrx_word' id='word_1_179' title='bbox 671 3480 900 3536; x_wconf 82' lang='lat' dir='ltr'><strong>cissima.</strong></span> <span class='ocrx_word' id='word_1_180' title='bbox 925 3476 1011 3533; x_wconf 86' lang='lat' dir='ltr'><strong>Cf.</strong></span> <span class='ocrx_word' id='word_1_181' title='bbox 1039 3480 1353 3533; x_wconf 73' lang='lat' dir='ltr'><strong>Menaechm.</strong></span> <span class='ocrx_word' id='word_1_182' title='bbox 1381 3482 1492 3541; x_wconf 88' lang='lat'>111,</span> <span class='ocrx_word' id='word_1_183' title='bbox 1535 3502 1587 3547; x_wconf 92' lang='lat'><strong>1,</strong></span> <span class='ocrx_word' id='word_1_184' title='bbox 1633 3502 1661 3534; x_wconf 80' lang='lat'>2</span> <span class='ocrx_word' id='word_1_185' title='bbox 1680 3521 1697 3548; x_wconf 88' lang='lat'>‚</span> 
     </span>
     <span class='ocr_line' id='line_1_31' title="bbox 671 3560 1376 3623; baseline -0.003 -9"><span class='ocrx_word' id='word_1_186' title='bbox 671 3574 727 3614; x_wconf 81' lang='lat' dir='ltr'><strong>et</strong></span> <span class='ocrx_word' id='word_1_187' title='bbox 751 3561 808 3613; x_wconf 87' lang='lat' dir='ltr'><strong>h.</strong></span> <span class='ocrx_word' id='word_1_188' title='bbox 837 3560 944 3612; x_wconf 82' lang='lat' dir='ltr'><strong>fab.</strong></span> <span class='ocrx_word' id='word_1_189' title='bbox 964 3560 1034 3623; x_wconf 90' lang='lat' dir='ltr'><strong>V,</strong></span> <span class='ocrx_word' id='word_1_190' title='bbox 1063 3580 1123 3623; x_wconf 75' lang='lat' dir='ltr'><strong>a,</strong></span> <span class='ocrx_word' id='word_1_191' title='bbox 1157 3564 1286 3613; x_wconf 81' lang='lat'><strong>126.</strong></span> <span class='ocrx_word' id='word_1_192' title='bbox 1307 3560 1376 3612; x_wconf 92' lang='lat' dir='ltr'><strong>N.</strong></span> 
     </span>
    </p>

    <p class='ocr_par' dir='ltr' id='par_1_19' title="bbox 669 3638 1697 3870">
     <span class='ocr_line' id='line_1_32' title="bbox 757 3638 1697 3709; baseline 0.003 -17"><span class='ocrx_word' id='word_1_193' title='bbox 757 3642 851 3693; x_wconf 85' lang='lat'><strong>81.</strong></span> <span class='ocrx_word' id='word_1_194' title='bbox 881 3638 1084 3709; x_wconf 81' lang='lat' dir='ltr'><strong>Meoque</strong></span> <span class='ocrx_word' id='word_1_195' title='bbox 1117 3640 1260 3702; x_wconf 71' lang='lat' dir='ltr'><strong>luero,</strong></span> <span class='ocrx_word' id='word_1_196' title='bbox 1308 3640 1395 3692; x_wconf 87' lang='lat' dir='ltr'><strong>cui</strong></span> <span class='ocrx_word' id='word_1_197' title='bbox 1423 3639 1553 3693; x_wconf 86' lang='lat' dir='ltr'><strong>olim</strong></span> <span class='ocrx_word' id='word_1_198' title='bbox 1585 3659 1697 3695; x_wconf 86' lang='lat' dir='ltr'><strong>ser-</strong></span> 
     </span>
     <span class='ocr_line' id='line_1_33' title="bbox 673 3718 1697 3789; baseline 0.003 -17"><span class='ocrx_word' id='word_1_199' title='bbox 673 3719 882 3772; x_wconf 81' lang='lat' dir='ltr'><strong>viebam</strong></span> <span class='ocrx_word' id='word_1_200' title='bbox 899 3758 914 3784; x_wconf 84' lang='lat'><em>‚</em></span> <span class='ocrx_word' id='word_1_201' title='bbox 955 3718 1129 3789; x_wconf 69' lang='lat' dir='ltr'><strong>etqui</strong></span> <span class='ocrx_word' id='word_1_202' title='bbox 1163 3737 1250 3771; x_wconf 88' lang='lat' dir='ltr'><strong>me</strong></span> <span class='ocrx_word' id='word_1_203' title='bbox 1283 3720 1575 3773; x_wconf 77' lang='lat' dir='ltr'><strong>transmisit</strong></span> <span class='ocrx_word' id='word_1_204' title='bbox 1601 3721 1697 3775; x_wconf 86' lang='lat' dir='ltr'><strong>ha-</strong></span> 
     </span>
     <span class='ocr_line' id='line_1_34' title="bbox 669 3796 1392 3870; baseline -0.003 -17"><span class='ocrx_word' id='word_1_205' title='bbox 669 3796 912 3853; x_wconf 84' lang='lat' dir='ltr'><strong>bendum</strong></span> <span class='ocrx_word' id='word_1_206' title='bbox 944 3797 1284 3870; x_wconf 78' lang='lat' dir='ltr'><strong>Agorastocli,</strong></span> <span class='ocrx_word' id='word_1_207' title='bbox 1323 3800 1392 3852; x_wconf 89' lang='lat' dir='ltr'><strong>N.</strong></span> 
     </span>
    </p>

    <p class='ocr_par' dir='ltr' id='par_1_20' title="bbox 662 3878 1694 4261">
     <span class='ocr_line' id='line_1_35' title="bbox 757 3878 1694 3935; baseline 0 -2"><span class='ocrx_word' id='word_1_208' title='bbox 757 3878 860 3935; x_wconf 73' lang='lat'><strong>83.</strong></span> <span class='ocrx_word' id='word_1_209' title='bbox 907 3878 1092 3931; x_wconf 74' lang='lat' dir='ltr'><strong>Omnia</strong></span> <span class='ocrx_word' id='word_1_210' title='bbox 1137 3898 1385 3932; x_wconf 75' lang='lat' dir='ltr'><strong>memoras,</strong></span> <span class='ocrx_word' id='word_1_211' title='bbox 1435 3879 1694 3934; x_wconf 85' lang='lat' dir='ltr'><strong>Formula</strong></span> 
     </span>
     <span class='ocr_line' id='line_1_36' title="bbox 670 3954 1693 4028; baseline 0.002 -18"><span class='ocrx_word' id='word_1_212' title='bbox 670 3954 930 4028; x_wconf 84' lang='lat' dir='ltr'><strong>loquendi</strong></span> <span class='ocrx_word' id='word_1_213' title='bbox 981 3958 1254 4011; x_wconf 77' lang='lat' dir='ltr'><strong>transitiva</strong></span> <span class='ocrx_word' id='word_1_214' title='bbox 1274 3997 1289 4022; x_wconf 88' lang='lat'>,</span> <span class='ocrx_word' id='word_1_215' title='bbox 1340 3959 1452 4011; x_wconf 85' lang='lat' dir='ltr'><strong>fere</strong></span> <span class='ocrx_word' id='word_1_216' title='bbox 1503 3959 1693 4013; x_wconf 82' lang='lat' dir='ltr'><strong>similis</strong></span> 
     </span>
     <span class='ocr_line' id='line_1_37' title="bbox 667 4036 1694 4107; baseline 0.003 -18"><span class='ocrx_word' id='word_1_217' title='bbox 667 4038 796 4092; x_wconf 87' lang='lat' dir='ltr'><strong>huic</strong></span> <span class='ocrx_word' id='word_1_218' title='bbox 815 4036 1015 4107; x_wconf 82' lang='lat' dir='ltr'><strong>gallicae</strong></span> <span class='ocrx_word' id='word_1_219' title='bbox 1031 4077 1046 4102; x_wconf 90' lang='lat'>,</span> <span class='ocrx_word' id='word_1_220' title='bbox 1069 4038 1190 4089; x_wconf 80' lang='lat' dir='ltr'><strong>c&#39;est</strong></span> <span class='ocrx_word' id='word_1_221' title='bbox 1215 4042 1309 4089; x_wconf 66' lang='lat' dir='ltr'><strong>tres</strong></span> <span class='ocrx_word' id='word_1_222' title='bbox 1343 4038 1470 4091; x_wconf 74' lang='lat' dir='ltr'><strong>bien.</strong></span> <span class='ocrx_word' id='word_1_223' title='bbox 1497 4039 1694 4093; x_wconf 86' lang='lat' dir='ltr'><strong>Omnia</strong></span> 
     </span>
     <span class='ocr_line' id='line_1_38' title="bbox 665 4115 1693 4187; baseline 0.004 -18"><span class='ocrx_word' id='word_1_224' title='bbox 665 4136 793 4169; x_wconf 86' lang='lat' dir='ltr'><strong>sane</strong></span> <span class='ocrx_word' id='word_1_225' title='bbox 818 4135 935 4187; x_wconf 75' lang='lat' dir='ltr'><strong>quae</strong></span> <span class='ocrx_word' id='word_1_226' title='bbox 959 4115 1030 4169; x_wconf 88' lang='lat' dir='ltr'><strong>ad</strong></span> <span class='ocrx_word' id='word_1_227' title='bbox 1053 4134 1164 4169; x_wconf 87' lang='lat' dir='ltr'><strong>rem</strong></span> <span class='ocrx_word' id='word_1_228' title='bbox 1191 4117 1462 4187; x_wconf 88' lang='lat' dir='ltr'><strong>pertinent</strong></span> <span class='ocrx_word' id='word_1_229' title='bbox 1484 4138 1693 4173; x_wconf 85' lang='lat' dir='ltr'><strong>memo-</strong></span> 
     </span>
     <span class='ocr_line' id='line_1_39' title="bbox 662 4196 1313 4261; baseline 0.002 -12"><span class='ocrx_word' id='word_1_230' title='bbox 662 4198 818 4261; x_wconf 86' lang='lat' dir='ltr'><strong>rasti;</strong></span> <span class='ocrx_word' id='word_1_231' title='bbox 846 4216 928 4251; x_wconf 84' lang='lat' dir='ltr'><strong>res</strong></span> <span class='ocrx_word' id='word_1_232' title='bbox 947 4196 1023 4249; x_wconf 86' lang='lat' dir='ltr'><strong>sic</strong></span> <span class='ocrx_word' id='word_1_233' title='bbox 1041 4196 1218 4249; x_wconf 86' lang='lat' dir='ltr'><strong>habet.</strong></span> <span class='ocrx_word' id='word_1_234' title='bbox 1243 4196 1313 4250; x_wconf 88' lang='lat' dir='ltr'><strong>N.</strong></span> 
     </span>
    </p>
   </div>
   <div class='ocr_carea' id='block_1_5' title="bbox 2750 2591 2801 2631">
    <p class='ocr_par' dir='ltr' id='par_1_21' title="bbox 2750 2591 2801 2631">
     <span class='ocr_line' id='line_1_40' title="bbox 2750 2591 2801 2631; baseline 0.02 -1"><span class='ocrx_word' id='word_1_235' title='bbox 2750 2591 2801 2631; x_wconf 73' lang='lat'><strong>³5</strong></span> 
     </span>
    </p>
   </div>
   <div class='ocr_carea' id='block_1_6' title="bbox 1777 2760 2813 3392">
    <p class='ocr_par' dir='ltr' id='par_1_22' title="bbox 1777 2760 2813 3392">
     <span class='ocr_line' id='line_1_41' title="bbox 1862 2760 2807 2829; baseline -0.007 -8"><span class='ocrx_word' id='word_1_236' title='bbox 1862 2769 1956 2829; x_wconf 73' lang='lat'><strong>84.</strong></span> <span class='ocrx_word' id='word_1_237' title='bbox 2005 2765 2225 2817; x_wconf 79' lang='lat' dir='ltr'><strong>Liberali</strong></span> <span class='ocrx_word' id='word_1_238' title='bbox 2261 2784 2426 2815; x_wconf 80' lang='lat' dir='ltr'><strong>causa.</strong></span> <span class='ocrx_word' id='word_1_239' title='bbox 2469 2760 2694 2815; x_wconf 77' lang='lat' dir='ltr'><strong>Adserat</strong></span> <span class='ocrx_word' id='word_1_240' title='bbox 2722 2780 2807 2815; x_wconf 74' lang='lat' dir='ltr'><strong>eae</strong></span> 
     </span>
     <span class='ocr_line' id='line_1_42' title="bbox 1778 2841 2805 2907; baseline -0.003 -10"><span class='ocrx_word' id='word_1_241' title='bbox 1778 2846 1837 2897; x_wconf 88' lang='lat' dir='ltr'><strong>in</strong></span> <span class='ocrx_word' id='word_1_242' title='bbox 1855 2846 2155 2899; x_wconf 85' lang='lat' dir='ltr'><strong>libertatem</strong></span> <span class='ocrx_word' id='word_1_243' title='bbox 2178 2862 2334 2896; x_wconf 84' lang='lat' dir='ltr'><strong>causa</strong></span> <span class='ocrx_word' id='word_1_244' title='bbox 2353 2844 2595 2907; x_wconf 85' lang='lat' dir='ltr'><strong>liberali,</strong></span> <span class='ocrx_word' id='word_1_245' title='bbox 2620 2841 2677 2894; x_wconf 89' lang='lat' dir='ltr'><strong>id</strong></span> <span class='ocrx_word' id='word_1_246' title='bbox 2699 2855 2805 2906; x_wconf 78' lang='lat' dir='ltr'><strong>est,</strong></span> 
     </span>
     <span class='ocr_line' id='line_1_43' title="bbox 1777 2922 2805 2997; baseline -0.002 -20"><span class='ocrx_word' id='word_1_247' title='bbox 1777 2924 1981 2997; x_wconf 85' lang='lat' dir='ltr'><strong>judicio</strong></span> <span class='ocrx_word' id='word_1_248' title='bbox 2032 2944 2124 2977; x_wconf 82' lang='lat' dir='ltr'><strong>seu</strong></span> <span class='ocrx_word' id='word_1_249' title='bbox 2168 2924 2381 2977; x_wconf 86' lang='lat' dir='ltr'><strong>actione</strong></span> <span class='ocrx_word' id='word_1_250' title='bbox 2428 2922 2498 2975; x_wconf 88' lang='lat' dir='ltr'><strong>de</strong></span> <span class='ocrx_word' id='word_1_251' title='bbox 2542 2922 2805 2975; x_wconf 85' lang='lat' dir='ltr'><strong>libertate.</strong></span> 
     </span>
     <span class='ocr_line' id='line_1_44' title="bbox 1782 3002 2805 3073; baseline -0.003 -16"><span class='ocrx_word' id='word_1_252' title='bbox 1782 3005 2004 3057; x_wconf 84' lang='lat' dir='ltr'><strong>Terent.</strong></span> <span class='ocrx_word' id='word_1_253' title='bbox 2034 3002 2267 3073; x_wconf 80' lang='lat' dir='ltr'><strong>Adelph.</strong></span> <span class='ocrx_word' id='word_1_254' title='bbox 2307 3016 2407 3057; x_wconf 86' lang='lat' dir='ltr'><strong>act.</strong></span> <span class='ocrx_word' id='word_1_255' title='bbox 2443 3004 2527 3067; x_wconf 88' lang='grc' dir='ltr'><strong>ΙΙ,</strong></span> <span class='ocrx_word' id='word_1_256' title='bbox 2562 3020 2703 3055; x_wconf 80' lang='lat' dir='ltr'><strong>scen.</strong></span> <span class='ocrx_word' id='word_1_257' title='bbox 2736 3020 2758 3054; x_wconf 93' lang='lat'>1</span> <span class='ocrx_word' id='word_1_258' title='bbox 2790 3019 2805 3054; x_wconf 72' lang='grc' dir='ltr'><strong><em>ε</em></strong></span> 
     </span>
     <span class='ocr_line' id='line_1_45' title="bbox 1788 3082 2809 3154; baseline 0.002 -21"><span class='ocrx_word' id='word_1_259' title='bbox 1788 3112 1809 3133; x_wconf 74' lang='grc' dir='ltr'>ι</span> <span class='ocrx_word' id='word_1_260' title='bbox 1833 3085 1971 3137; x_wconf 88' lang='lat' dir='ltr'><strong>Nam</strong></span> <span class='ocrx_word' id='word_1_261' title='bbox 2022 3102 2120 3154; x_wconf 87' lang='lat' dir='ltr'><strong>ego</strong></span> <span class='ocrx_word' id='word_1_262' title='bbox 2170 3084 2316 3135; x_wconf 86' lang='lat' dir='ltr'><strong>illam</strong></span> <span class='ocrx_word' id='word_1_263' title='bbox 2370 3082 2581 3145; x_wconf 80' lang='lat' dir='ltr'><strong>liberali</strong></span> <span class='ocrx_word' id='word_1_264' title='bbox 2634 3100 2809 3135; x_wconf 75' lang='lat' dir='ltr'><strong>assero</strong></span> 
     </span>
     <span class='ocr_line' id='line_1_46' title="bbox 1786 3161 2810 3233; baseline -0.004 -16"><span class='ocrx_word' id='word_1_265' title='bbox 1786 3183 1941 3217; x_wconf 84' lang='lat' dir='ltr'><strong>causa</strong></span> <span class='ocrx_word' id='word_1_266' title='bbox 1986 3182 2151 3215; x_wconf 88' lang='lat' dir='ltr'><strong>manu</strong></span> <span class='ocrx_word' id='word_1_267' title='bbox 2195 3181 2262 3217; x_wconf 69' lang='lat' dir='ltr'><strong>n:</strong></span> <span class='ocrx_word' id='word_1_268' title='bbox 2310 3161 2381 3216; x_wconf 84' lang='lat' dir='ltr'><strong>ad</strong></span> <span class='ocrx_word' id='word_1_269' title='bbox 2426 3180 2587 3233; x_wconf 86' lang='lat' dir='ltr'><strong>quem</strong></span> <span class='ocrx_word' id='word_1_270' title='bbox 2631 3161 2810 3214; x_wconf 89' lang='lat' dir='ltr'><strong>locum</strong></span> 
     </span>
     <span class='ocr_line' id='line_1_47' title="bbox 1787 3241 2813 3312; baseline -0.002 -17"><span class='ocrx_word' id='word_1_271' title='bbox 1787 3244 2027 3305; x_wconf 78' lang='lat' dir='ltr'><strong>Donatus</strong></span> <span class='ocrx_word' id='word_1_272' title='bbox 2054 3264 2065 3294; x_wconf 88' lang='lat'><strong>:</strong></span> <span class='ocrx_word' id='word_1_273' title='bbox 2112 3241 2265 3295; x_wconf 89' lang='lat' dir='ltr'><strong>Ordo</strong></span> <span class='ocrx_word' id='word_1_274' title='bbox 2293 3254 2369 3295; x_wconf 82' lang='lat' dir='ltr'><strong>est</strong></span> <span class='ocrx_word' id='word_1_275' title='bbox 2402 3263 2413 3293; x_wconf 74' lang='grc' dir='ltr'><strong><em>ε</em></strong></span> <span class='ocrx_word' id='word_1_276' title='bbox 2458 3244 2575 3312; x_wconf 81' lang='lat' dir='ltr'><strong>Ego</strong></span> <span class='ocrx_word' id='word_1_277' title='bbox 2605 3241 2813 3295; x_wconf 84' lang='lat' dir='ltr'><strong>liberali</strong></span> 
     </span>
     <span class='ocr_line' id='line_1_48' title="bbox 1786 3322 2813 3392; baseline -0.002 -17"><span class='ocrx_word' id='word_1_278' title='bbox 1786 3341 1940 3375; x_wconf 87' lang='lat' dir='ltr'><strong>causa</strong></span> <span class='ocrx_word' id='word_1_279' title='bbox 1984 3342 2147 3375; x_wconf 88' lang='lat' dir='ltr'><strong>manu</strong></span> <span class='ocrx_word' id='word_1_280' title='bbox 2187 3340 2381 3375; x_wconf 79' lang='lat' dir='ltr'><strong>assem.</strong></span> <span class='ocrx_word' id='word_1_281' title='bbox 2426 3322 2497 3375; x_wconf 85' lang='lat' dir='ltr'><strong>Et</strong></span> <span class='ocrx_word' id='word_1_282' title='bbox 2531 3333 2655 3373; x_wconf 74' lang='lat' dir='ltr'><strong>eunt</strong></span> <span class='ocrx_word' id='word_1_283' title='bbox 2676 3322 2813 3392; x_wconf 79' lang='lat' dir='ltr'><strong>juris</strong></span> 
     </span>
    </p>
   </div>
   <div class='ocr_carea' id='block_1_7' title="bbox 1772 3402 2813 3473">
    <p class='ocr_par' dir='ltr' id='par_1_23' title="bbox 1772 3402 2813 3473">
     <span class='ocr_line' id='line_1_49' title="bbox 1772 3402 2813 3473; baseline -0.006 -15"><span class='ocrx_word' id='word_1_284' title='bbox 1772 3403 1978 3467; x_wconf 68' lang='lat' dir='ltr'><strong>⁴verba,</strong></span> <span class='ocrx_word' id='word_1_285' title='bbox 2029 3422 2059 3455; x_wconf 89' lang='lat' dir='ltr'><strong>a</strong></span> <span class='ocrx_word' id='word_1_286' title='bbox 2107 3402 2303 3473; x_wconf 80' lang='lat' dir='ltr'><strong>quibua</strong></span> <span class='ocrx_word' id='word_1_287' title='bbox 2349 3402 2507 3453; x_wconf 86' lang='lat' dir='ltr'><strong>etiam</strong></span> <span class='ocrx_word' id='word_1_288' title='bbox 2554 3412 2813 3453; x_wconf 75' lang='lat' dir='ltr'><strong>assertores</strong></span> 
     </span>
    </p>
   </div>
   <div class='ocr_carea' id='block_1_8' title="bbox 1779 3480 2821 4270">
    <p class='ocr_par' dir='ltr' id='par_1_24' title="bbox 1787 3480 2811 3616">
     <span class='ocr_line' id='line_1_50' title="bbox 1787 3480 2811 3549; baseline 0 -15"><span class='ocrx_word' id='word_1_289' title='bbox 1787 3482 2063 3549; x_wconf 86' lang='lat' dir='ltr'><strong>dicuntur,</strong></span> <span class='ocrx_word' id='word_1_290' title='bbox 2075 3481 2313 3536; x_wconf 74' lang='lat' dir='ltr'><strong>vindices</strong></span> <span class='ocrx_word' id='word_1_291' title='bbox 2332 3482 2518 3534; x_wconf 76' lang='lat' dir='ltr'><strong>alienae</strong></span> <span class='ocrx_word' id='word_1_292' title='bbox 2534 3480 2811 3534; x_wconf 82' lang='lat' dir='ltr'><strong>libertatis.</strong></span> 
     </span>
     <span class='ocr_line' id='line_1_51' title="bbox 1788 3562 2044 3616; baseline -0.004 -1"><span class='ocrx_word' id='word_1_293' title='bbox 1788 3562 2044 3616; x_wconf 61' lang='lat' dir='ltr'><strong>Gnouov.</strong></span> 
     </span>
    </p>

    <p class='ocr_par' dir='ltr' id='par_1_25' title="bbox 1779 3638 2821 4270">
     <span class='ocr_line' id='line_1_52' title="bbox 1869 3638 2815 3703; baseline -0.005 -8"><span class='ocrx_word' id='word_1_294' title='bbox 1869 3643 1963 3696; x_wconf 86' lang='lat'><strong>85.</strong></span> <span class='ocrx_word' id='word_1_295' title='bbox 2008 3641 2102 3695; x_wconf 78' lang='lat' dir='ltr'><strong>Ad</strong></span> <span class='ocrx_word' id='word_1_296' title='bbox 2158 3643 2349 3693; x_wconf 76' lang='lat' dir='ltr'><strong>incitas.</strong></span> <span class='ocrx_word' id='word_1_297' title='bbox 2413 3638 2670 3703; x_wconf 77' lang='lat' dir='ltr'><strong>Desumta</strong></span> <span class='ocrx_word' id='word_1_298' title='bbox 2733 3639 2815 3691; x_wconf 87' lang='lat' dir='ltr'><strong>lo-</strong></span> 
     </span>
     <span class='ocr_line' id='line_1_53' title="bbox 1786 3718 2815 3791; baseline -0.002 -18"><span class='ocrx_word' id='word_1_299' title='bbox 1786 3721 1989 3791; x_wconf 86' lang='lat' dir='ltr'><strong>quendi</strong></span> <span class='ocrx_word' id='word_1_300' title='bbox 2014 3724 2155 3774; x_wconf 86' lang='lat' dir='ltr'><strong>ratio</strong></span> <span class='ocrx_word' id='word_1_301' title='bbox 2173 3738 2203 3773; x_wconf 83' lang='lat' dir='ltr'><strong>a</strong></span> <span class='ocrx_word' id='word_1_302' title='bbox 2223 3719 2354 3773; x_wconf 89' lang='lat' dir='ltr'><strong>ludo</strong></span> <span class='ocrx_word' id='word_1_303' title='bbox 2372 3718 2815 3783; x_wconf 80' lang='lat' dir='ltr'><strong>latrunculorum,</strong></span> 
     </span>
     <span class='ocr_line' id='line_1_54' title="bbox 1788 3797 2818 3872; baseline -0.004 -18"><span class='ocrx_word' id='word_1_304' title='bbox 1788 3820 1950 3872; x_wconf 89' lang='lat' dir='ltr'><strong>quem</strong></span> <span class='ocrx_word' id='word_1_305' title='bbox 1995 3820 2092 3854; x_wconf 82' lang='lat' dir='ltr'><strong>nos</strong></span> <span class='ocrx_word' id='word_1_306' title='bbox 2135 3800 2297 3871; x_wconf 80' lang='lat' dir='ltr'><strong>vulgo</strong></span> <span class='ocrx_word' id='word_1_307' title='bbox 2353 3797 2669 3851; x_wconf 74' lang='lat' dir='ltr'><strong>Scacchorum</strong></span> <span class='ocrx_word' id='word_1_308' title='bbox 2722 3818 2818 3852; x_wconf 88' lang='lat' dir='ltr'><strong>vo-</strong></span> 
     </span>
     <span class='ocr_line' id='line_1_55' title="bbox 1788 3876 2821 3936; baseline -0.004 -3"><span class='ocrx_word' id='word_1_309' title='bbox 1788 3900 1990 3936; x_wconf 80' lang='lat' dir='ltr'><strong>camus.</strong></span> <span class='ocrx_word' id='word_1_310' title='bbox 2046 3879 2136 3933; x_wconf 83' lang='lat' dir='ltr'><strong>Ad</strong></span> <span class='ocrx_word' id='word_1_311' title='bbox 2211 3879 2401 3931; x_wconf 81' lang='lat' dir='ltr'><strong>incitas</strong></span> <span class='ocrx_word' id='word_1_312' title='bbox 2466 3877 2630 3931; x_wconf 87' lang='lat' dir='ltr'><strong>hodie</strong></span> <span class='ocrx_word' id='word_1_313' title='bbox 2685 3876 2821 3931; x_wconf 87' lang='lat' dir='ltr'><strong>dici·</strong></span> 
     </span>
     <span class='ocr_line' id='line_1_56' title="bbox 1781 3955 2819 4014; baseline -0.004 0"><span class='ocrx_word' id='word_1_314' title='bbox 1781 3980 1900 4014; x_wconf 82' lang='lat' dir='ltr'><strong>mus</strong></span> <span class='ocrx_word' id='word_1_315' title='bbox 1926 3961 2173 4013; x_wconf 74' lang='lat' dir='ltr'><strong>scacchum</strong></span> <span class='ocrx_word' id='word_1_316' title='bbox 2200 3972 2419 4011; x_wconf 79' lang='lat' dir='ltr'><strong>manum.</strong></span> <span class='ocrx_word' id='word_1_317' title='bbox 2451 3956 2593 4009; x_wconf 86' lang='lat' dir='ltr'><strong>Vide</strong></span> <span class='ocrx_word' id='word_1_318' title='bbox 2620 3955 2819 4012; x_wconf 84' lang='lat' dir='ltr'><strong>doctis·</strong></span> 
     </span>
     <span class='ocr_line' id='line_1_57' title="bbox 1782 4035 2821 4096; baseline -0.006 -1"><span class='ocrx_word' id='word_1_319' title='bbox 1782 4040 1977 4095; x_wconf 80' lang='lat' dir='ltr'><strong>simum</strong></span> <span class='ocrx_word' id='word_1_320' title='bbox 1996 4037 2365 4096; x_wconf 80' lang='lat' dir='ltr'><strong>Wernsdorfli</strong></span> <span class='ocrx_word' id='word_1_321' title='bbox 2396 4038 2699 4091; x_wconf 86' lang='lat' dir='ltr'><strong>Excursum</strong></span> <span class='ocrx_word' id='word_1_322' title='bbox 2752 4035 2821 4089; x_wconf 85' lang='lat' dir='ltr'><strong>de</strong></span> 
     </span>
     <span class='ocr_line' id='line_1_58' title="bbox 1779 4115 2821 4183; baseline -0.005 -9"><span class='ocrx_word' id='word_1_323' title='bbox 1779 4121 2207 4174; x_wconf 86' lang='lat' dir='ltr'><strong>latrunculorum</strong></span> <span class='ocrx_word' id='word_1_324' title='bbox 2239 4115 2369 4170; x_wconf 88' lang='lat' dir='ltr'><strong>ludo</strong></span> <span class='ocrx_word' id='word_1_325' title='bbox 2390 4156 2407 4183; x_wconf 88' lang='lat'><strong>,</strong></span> <span class='ocrx_word' id='word_1_326' title='bbox 2438 4117 2593 4173; x_wconf 88' lang='lat' dir='ltr'><strong>Poet.</strong></span> <span class='ocrx_word' id='word_1_327' title='bbox 2618 4116 2821 4171; x_wconf 80' lang='lat' dir='ltr'><strong>Minor.</strong></span> 
     </span>
     <span class='ocr_line' id='line_1_59' title="bbox 1779 4196 2493 4270; baseline -0.004 -17"><span class='ocrx_word' id='word_1_328' title='bbox 1779 4214 1912 4253; x_wconf 89' lang='lat' dir='ltr'><strong>tom.</strong></span> <span class='ocrx_word' id='word_1_329' title='bbox 1931 4201 2045 4265; x_wconf 92' lang='lat'>111,</span> <span class='ocrx_word' id='word_1_330' title='bbox 2067 4220 2125 4270; x_wconf 86' lang='lat' dir='ltr'><strong>p.</strong></span> <span class='ocrx_word' id='word_1_331' title='bbox 2150 4200 2391 4265; x_wconf 78' lang='lat'><strong>29²·96·</strong></span> <span class='ocrx_word' id='word_1_332' title='bbox 2424 4196 2493 4250; x_wconf 92' lang='lat' dir='ltr'><strong>N.</strong></span> 
     </span>
    </p>
   </div>
  </div>
 </body>
</html>
