3067 5017
967 381 1294 451 ACTUS
1341 383 1459 466 ΙΙ,
1511 380 1855 451 SCENA
1904 383 2005 449 ΙΙ.
2053 395 2063 400 ’
2432 379 2575 477 329
2667 472 2676 478 x

415 504 849 577 Sambucinas
886 501 1151 572 advexit
1186 529 1409 574 secum
1454 502 1671 571 forma
1707 503 1969 573 eximia.
2012 525 2173 573 GEL.
2212 504 2541 600 Eugepae!

417 613 711 706 Quando
750 612 1072 682 adbibero
1094 666 1114 700 ‚
1153 613 1549 701 adludiabo‚
1584 627 1729 682 tum
1767 639 1913 682 sum
1950 612 2503 686 ridiculissumus.

370 759 376 764 ·
415 749 566 795 nm.
633 728 876 794 Postea.
911 737 1257 815 unguenta
1300 722 1823 819 multigenerum
1872 707 2105 794 multa.
2176 750 2337 796 GEL.
2408 729 2565 796 Non

609 886 626 896 .
709 833 928 902 vendo
967 832 1176 927 logos.

413 947 560 1014 Jam
607 967 745 1012 non
789 942 961 1012 facio
1005 945 1387 1013 auctionem
1420 969 1436 1012 ε
1473 943 1640 1014 mihi
1680 944 1922 1038 obtigit
1962 944 2316 1016 hereditas,
2514 968 2568 1008 60

415 1053 732 1124 Malevoli
773 1054 1248 1148 perquisitores
1284 1056 1672 1124 auctionum
1718 1055 2059 1149 perierint.

414 1161 768 1251 Hercules,
808 1163 1155 1232 decumam
1193 1189 1332 1234 esse
1363 1165 1756 1253 adauctam,
1801 1166 1926 1235 tibi
1963 1191 2165 1261 quam
2195 1167 2385 1256 vovi,
2425 1193 2565 1262 gra·

710 1269 912 1342 tulor.

415 1406 568 1452 mlv.
608 1386 769 1452 Post
807 1397 1033 1451 autem
1063 1383 1332 1454 advexit
1363 1409 1587 1454 secum
1625 1385 1971 1479 parasitos.
2002 1410 2165 1457 om..
2198 1387 2358 1474 Hei,
2392 1389 2565 1482 perii

708 1488 945 1562 miser!

416 1625 566 1672 Dm.
604 1600 1252 1674 RidiculosissumoS.
1277 1629 1438 1674 Get..
1469 1609 1833 1674 Reverram
1853 1660 1872 1693 ‚
1898 1604 2119 1676 hercle
2136 1651 2159 1695 3
2184 1607 2313 1678 hoc
2330 1661 2349 1696 ‚
2377 1609 2562 1702 quod

706 1715 1013 1782 converri
1059 1714 1288 1784 modo.
2028 1781 2035 1785 .

416 1845 579 1892 PAN.
624 1823 940 1892 Vidistin'
986 1825 1203 1894 virum
1247 1826 1494 1896 sororis
1543 1824 2139 1922 Pamphilippum?
2184 1851 2337 1899 nm.
2378 1829 2559 1901 Non.

709 1956 876 2004 ΡΑΝ.
922 1934 1176 2004 Adest?
2508 1959 2561 2000 σε

417 2067 564 2112 nm.
602 2045 752 2112 Imo
787 2045 1018 2113 aibant
1055 2070 1208 2133 eum
1252 2047 1504 2116 venisse
1542 2043 1739 2115 simul
1778 2071 1794 2114 τ
1833 2046 1942 2114 sed
1984 2071 2110 2141 ego
2141 2047 2275 2117 huc
2317 2049 2489 2118 citus

417 2155 866 2257 Prae-cucurri,
906 2168 980 2223 ut
1014 2155 1396 2224 nuntiarem
1434 2157 1752 2225 nuntium
1795 2156 2268 2250 exoptabilem.

417 2287 577 2334 GEL.
617 2263 931 2334 Venaleis
970 2264 1102 2360 logi
1146 2282 1305 2335 sunt
1348 2265 1478 2350 illi,
1515 2292 1683 2361 quos
1720 2269 2043 2362 negabam
2090 2269 2417 2357 vendere3

416 2371 631 2441 Inlico
667 2389 736 2442 et
766 2399 919 2442 meo
963 2374 1140 2444 malo
1184 2391 1282 2444 est
1317 2376 1500 2470 quod
1535 2375 2033 2467 malevolenteis
2069 2378 2427 2472 gaudeant.

415 2483 739 2554 Hercules
784 2510 971 2573 sane,
1015 2486 1129 2580 qui
1175 2485 1340 2555 deus
1377 2488 1496 2573 εἰς,
1541 2486 1947 2556 discessisses
1984 2512 2123 2555 non
2165 2483 2361 2557 malle.
2518 2522 2572 2562 πο

502 2677 594 2748 57.
651 2676 986 2733 Sambuce’nas.
1037 2679 1187 2732 Inter
1239 2697 1447 2734 coenan·
1535 2697 1710 2730 unum
1736 2676 1971 2748 reperies
1988 2716 2003 2741 ,
2032 2696 2133 2748 pro
2154 2689 2311 2740 nutu,
2333 2677 2571 2732 arriden-

418 2755 578 2822 dum,
595 2771 896 2812 acroamata
917 2759 1097 2812 omnis
1119 2761 1328 2830 generis
1355 2757 1450 2811 ad·
1538 2757 1631 2822 do,
1658 2769 1803 2810 tactu
1836 2775 2090 2810 manuum
2118 2758 2203 2810 vel
2230 2756 2452 2830 pedum,
2474 2771 2569 2812 aut

416 2837 754 2890 hibebantur.
804 2839 854 2890 N
857 2857 942 2890 am
994 2851 1084 2891 aut
1129 2839 1449 2911 symphonia
1540 2855 1877 2908 quacumque
1959 2837 2365 2906 gesticulatione
2390 2856 2407 2902 3
2476 2837 2570 2890 sed

416 2919 741 2987 personabat
774 2918 1102 2982 triclinium,
1131 2931 1224 2971 aut
1254 2919 1451 2971 instru-
1540 2917 1700 2970 etiam
1728 2934 1865 2971 voce
1904 2919 2289 2970 amator-culum
2318 2935 2372 2969 se
2399 2930 2575 2970 osten·

421 3010 599 3050 menta
657 2997 802 3050 varia
858 3016 1160 3069 organaque
1202 2999 1450 3052 concine·
1540 2995 1687 3062 dere,
1714 2997 1953 3049 scortillo
1979 3009 2071 3048 aut
2095 2997 2287 3068 puellae
2310 3015 2367 3048 se
2390 2996 2575 3050 vendi-

419 3077 554 3129 bant
577 3094 590 3131 ε
625 3090 720 3130 aut
750 3077 1021 3148 tragoediae
1048 3090 1140 3130 aut
1171 3078 1449 3131 comoediae
1540 3089 1670 3130 tare.
1696 3077 1843 3128 Poen.
1865 3077 1937 3142 V,
1966 3075 1995 3134 4
2014 3115 2029 3143 ,
2064 3081 2157 3140 64.
2183 3077 2405 3130 Terent.
2430 3077 2571 3131 Eun.

420 3157 678 3228 mimique
717 3152 1050 3228 agebantur:
1091 3157 1452 3210 incendeban-
1548 3181 1571 3204 e
1601 3157 1761 3210 Forte
1800 3155 1966 3208 habui
2007 3169 2273 3221 scortum,
2305 3157 2476 3226 coepit
2502 3155 2573 3210 ad

421 3248 510 3288 tur
531 3236 726 3290 odores
745 3236 966 3290 naribus
986 3238 1286 3308 gratissimi.
1301 3239 1448 3291 Men.
1539 3235 1599 3289 id
1620 3235 1913 3289 alludiare-
1926 3275 1939 3288 .
1958 3228 2573 3289 Gnotc.⁴‘-—Ridiculissu-

422 3317 478 3368 II
496 3355 511 3381 ,
543 3317 574 3369 3
599 3337 612 3368 ε
650 3342 673 3365 ι
689 3316 926 3370 Sternite
946 3318 1107 3370 lectos
1129 3338 1140 3368 ε
1175 3317 1449 3371 incendite
1539 3335 1661 3369 mus.
1681 3317 1853 3386 Supra
1872 3315 1918 3380 Ι,
1944 3313 1999 3380 3,
2034 3335 2124 3386 17.

421 3394 614 3449 odores
638 3421 686 3448 ι.
723 3397 866 3448 Hinc
893 3395 1038 3469 apud
1060 3397 1212 3468 Virg.
1237 3401 1366 3454 AEn.
1389 3398 1418 3449 1
1432 3434 1450 3462 .,
1623 3399 1710 3448 60.
1731 3396 1845 3447 Jam
1868 3396 2117 3464 'confacio
2140 3386 2423 3447 auctionem.
2438 3393 2570 3466 Sup.

421 3473 477 3528 in
509 3475 759 3528 convivio
791 3475 1020 3530 Didonis
1053 3495 1068 3529 ε
1115 3502 1138 3524 ι
1165 3478 1452 3531 ...cithara
1538 3477 1599 3541 1,
1637 3476 1691 3540 3,
1724 3481 1793 3539 40
1823 3493 1942 3546 sqq.
1983 3539 1985 3541 ‚

422 3555 645 3608 crinitus
687 3557 844 3626 Iopas
897 3557 1154 3609 Personat
1197 3570 1380 3610 aurata
1399 3581 1448 3610 ιι.
1620 3562 1713 3620 64.
1748 3557 2025 3608 Rem-ram.
2056 3553 2325 3608 Converri
2355 3555 2536 3607 locum
2556 3593 2573 3620 ,

419 3633 490 3687 Et
510 3635 693 3688 Livius
709 3635 804 3688 lib.
825 3636 1010 3688 XXIX
1038 3653 1052 3688 ε
1090 3636 1282 3690 -Τιωο
1307 3637 1451 3708 psal·
1535 3634 1633 3689 scd
1655 3655 1767 3689 non
1797 3635 1966 3702 mihi3
2001 3653 2128 3704 ergo
2155 3651 2443 3699 revertam,
2464 3652 2579 3688 sor·

419 3714 536 3767 triae
554 3714 1060 3786 sambucistriaeque,
1084 3727 1136 3768 et
1154 3716 1451 3770 convivalia
1538 3713 1633 3768 des
1660 3713 1933 3767 reducam.

419 3791 706 3848 ludionum
779 3794 1170 3848 oblectamenta
1191 3833 1207 3859 ,
1269 3795 1452 3849 addita
1622 3796 1718 3857 68.
1741 3796 1797 3845 V
1791 3794 1969 3847 mahts
1986 3806 2116 3848 sunt.
2140 3795 2343 3853 Iterum
2372 3793 2575 3846 auctio-

423 3874 598 3944 epulis
614 3899 662 3926 n.
686 3876 836 3927 Pms.
891 3865 894 3870 ¹
1544 3893 1669 3927 nem
1699 3875 1854 3927 facio.

509 3953 601 4008 58.
631 3953 936 4007 Adludiabo.
965 3953 1246 4006 Adludiare
1281 3964 1336 4006 et
1365 3953 1456 4007 bd·
1632 3957 1725 4023 69.
1772 3955 1958 4016 Ιηίὶσο,
2004 3966 2105 4006 etc.
2150 3951 2343 4020 Ordo:
2382 3953 2455 4006 Et
2501 3966 2577 4006 est

426 4033 588 4085 ludere
604 4073 619 4099 ,
665 4035 890 4087 verbum
937 4045 1071 4103 aptae
1119 4033 1458 4104 significatio·
1547 4031 1694 4105 quod
1717 4033 1962 4087 malevoli
1984 4032 2251 4104 gaudeant
2271 4051 2395 4085 meo
2416 4034 2578 4085 malo.

426 4112 543 4180 nis,
571 4125 625 4166 et
673 4113 728 4166 in
773 4133 876 4185 qua
919 4111 1066 4166 haud
1115 4114 1272 4168 facile
1309 4113 1459 4168 aliud
1634 4131 1723 4182 70.
1775 4115 1879 4183 Qui
1924 4113 2039 4166 deus
2078 4118 2143 4167 sis
2164 4152 2182 4179 ‚
2231 4126 2418 4187 utpote
2469 4132 2582 4182 quo
