3067 5017
588 360 674 442 14
1342 364 1932 450 POENULUS‚

575 485 778 555 Nunc
811 483 980 551 mihi
1020 483 1439 554 blandidicus
1481 512 1582 573 es,
1624 488 1771 556 heri
1810 490 1877 555 in
1926 503 2119 584 tergo
2162 514 2313 559 meo

572 593 758 663 Treis
794 592 988 663 facile
1029 596 1246 665 corios
1283 597 1659 665 contrivisti
1694 598 2008 669 bubuloS.

566 726 782 773 Aeon.
819 707 910 774 At
942 729 1172 774 amans
1209 731 1329 799 per
1360 732 1659 776 amorem
1696 710 1749 777 si
1790 709 1951 802 quid
1994 709 2157 796 feci,
2194 709 2517 806 Milphio,

570 817 974 909 Ingnoscere
1000 815 1070 883 id
1090 829 1155 884 te
1172 815 1333 883 mihi
1355 841 1615 911 aequom
1638 817 1739 887 'st.
1754 820 2215 889 MiLPH.Haud
2232 820 2368 890 vidi
2396 821 2630 916 magis.

574 930 663 995 Et
692 950 874 994 nunc
906 950 1030 1020 ego
1067 950 1294 995 amore
1322 951 1522 1020 pereo
1552 955 1567 997 ε
1602 928 1745 997 sine
1784 942 1848 995 te
1878 926 2253 1018 verberent,

571 1039 745 1106 Item
782 1051 860 1105 ut
895 1050 973 1105 tu
1011 1036 1180 1104 mihi
1223 1036 1472 1121 fecisti,
1505 1038 1594 1106 ob
1637 1036 1889 1105 nullam
1926 1042 2241 1109 noxiam:
2664 1061 2711 1099 ¹⁵

565 1149 730 1215 Post
772 1131 841 1213 id
886 1144 1223 1231 locorum,
1273 1161 1349 1215 tu
1384 1147 1555 1215 mihi
1591 1148 1844 1215 amanti
1880 1150 2283 1244 ingnoscito.

566 1279 783 1326 Acon.
823 1256 893 1325 Si
923 1256 1045 1323 tibi
1077 1242 1307 1324 lubido
1327 1254 1409 1325 ’st
1444 1272 1565 1325 aut
1600 1255 1971 1352 voluptati,
2010 1260 2159 1330 sino
2182 1314 2201 1347 ‚

562 1365 940 1460 suspende,
979 1366 1195 1453 vinci,
1231 1366 1547 1454 verbera,
1588 1382 1826 1437 auctor
1864 1394 2011 1437 sum
2037 1423 2058 1457 ‚
2092 1372 2258 1439 sino.

559 1501 813 1547 MILPH.
854 1476 925 1547 Si
967 1478 1435 1546 auctoritatem
1473 1492 1706 1569 postea
1745 1477 2122 1573 defugeris,

557 1588 696 1657 Ubi
738 1586 1099 1657 dissolutus
1139 1601 1214 1655 tu
1253 1587 1417 1673 sie5‚
1452 1610 1581 1681 ego
1618 1587 1969 1683 pendeam.

554 1722 774 1767 Aeon.
811 1700 1043 1790 Egone
1079 1696 1251 1764 istuc
1294 1696 1504 1765 ausim
1549 1696 1768 1765 facere
1806 1697 2177 1791 praesertim
2218 1697 2388 1766 tibi?

562 1808 752 1897 Quin
791 1808 847 1875 si
886 1805 1071 1874 feriri
1113 1805 1308 1873 video
1346 1819 1447 1890 te,
1488 1804 1826 1901 extemplo
1871 1805 2069 1875 dolet.

556 1941 814 1987 MlLPH.
869 1915 1046 1985 Mihi
1090 1914 1398 2009 quidem,
1436 1914 1680 2007 hercle.
1744 1940 1965 1985 Acon.
2027 1917 2176 1985 Imo
2218 1914 2408 1983 mihi.
2452 1938 2703 1985 MILPH.

847 2028 1031 2094 Istuc
1065 2022 1394 2092 mavelim.

551 2135 682 2206 Sed
717 2133 882 2229 quid
909 2158 1093 2202 nunc
1125 2134 1248 2202 tibi
1269 2132 1415 2202 vis?
1450 2157 1669 2204 Aeon.
1709 2121 1851 2204 Cur
1884 2158 2011 2227 ego
2042 2134 2225 2229 apud
2262 2149 2327 2203 te
2367 2135 2703 2205 mentiar?

551 2250 727 2317 Amo
763 2242 1158 2313 inmodeste.
1188 2268 1441 2313 MILPH.
1473 2246 1645 2312 Meae
1680 2243 1851 2312 istuc
1892 2242 2177 2339 scapulae
2221 2246 2541 2316 sentiunt.
2646 2268 2697 2306 2⁵

547 2380 768 2425 Aeon.
807 2356 899 2421 At
934 2376 1058 2447 ego
1097 2352 1273 2422 hanc
1309 2352 1602 2423 vicinam
1641 2353 1791 2422 dico
1829 2352 2312 2449 Adelphasium
2350 2378 2612 2443 meam,

540 2466 834 2537 Lenonis
868 2461 1072 2556 hujus
1109 2464 1526 2533 meretricem
1565 2463 2031 2555 majusculam.
2298 2450 2317 2467 ’

547 2598 804 2649 MILPH.
862 2573 1274 2668 Iampridem
1316 2574 1630 2668 equidem
1686 2574 1857 2643 istuc
1908 2600 1990 2643 ex
2037 2588 2102 2643 te
2160 2572 2410 2644 audivi.
2467 2598 2693 2647 Acon.

841 2684 1147 2753 Disferor

546 2836 670 2876 cant
688 2861 703 2884 ,
749 2822 906 2874 aliam
956 2821 1227 2891 originem
1277 2820 1440 2873 habet
1464 2860 1480 2885 ,
1523 2832 1578 2873 et
1663 2820 2059 2892 iniquissimum
2089 2838 2219 2874 esse.
2248 2820 2468 2873 Dixerat
2490 2821 2694 2893 quippe

547 2900 877 2955 credendum
904 2900 1062 2953 Velio
1083 2901 1274 2971 Longo
1301 2912 1354 2952 et
1375 2900 1577 2965 Plinio,
1664 2898 1969 2955 adolescens
1985 2939 2001 2966 ,
2023 2898 2173 2971 quo-d
2195 2919 2293 2970 per
2318 2918 2556 2953 amorem
2580 2918 2687 2953 ser-

549 2983 776 3048 xvm,
822 2999 921 3045 xo,
959 2978 1018 3031 id
1054 2997 1084 3031 a
1109 2979 1209 3032 lira
1235 2979 1432 3033 rustica
1461 2998 1574 3032 esse
1660 2998 1787 3033 vum
1817 2982 2142 3033 verberasset
2175 2978 2350 3050 pridie
2382 3000 2396 3030 e
2438 3002 2460 3023 κ
2482 2978 2541 3032 id
2586 2978 2690 3033 sibi

547 3060 860 3115 deductum.
903 3058 1048 3112 vide
1091 3060 1160 3112 G.
1203 3060 1457 3113 vossium
1509 3060 1569 3113 in
1659 3060 1861 3131 ignosci
1886 3077 2097 3131 oequum
2120 3078 2230 3112 esse
2252 3084 2299 3111 n.
2328 3060 2553 3113 Mun-r.

544 3139 939 3213 Etymologico.
965 3138 1154 3211 Grion.
1748 3145 1837 3193 16.
1865 3140 1991 3192 Post
2021 3141 2078 3191 id
2110 3140 2338 3191 locorum.
2384 3136 2471 3192 Cf.
2510 3141 2686 3193 Casin-

634 3240 724 3274 12.
754 3222 855 3271 Per
891 3238 1116 3273 amorem.
1138 3214 1225 3271 Sic
1257 3218 1438 3271 Aulul.
1464 3220 1571 3286 IV,
1656 3215 1716 3286 Ῑ,
1752 3238 1804 3285 1,
1841 3218 1936 3273 32.

551 3320 648 3365 10,
678 3301 768 3365 15,
803 3312 1016 3351 excusat
1041 3315 1096 3352 se
1137 3322 1160 3346 e
1187 3298 1302 3351 vini
1327 3298 1464 3353 vitio
1491 3312 1570 3353 at·
1746 3318 1834 3369 19.
1864 3300 2116 3351 Auctorit.
2148 3298 2249 3364 def.
2286 3296 2343 3350 si
2370 3298 2605 3351 nolueris
2634 3312 2685 3351 te

537 3399 643 3451 que
662 3380 858 3432 amoris
883 3404 906 3425 ι
921 3416 934 3429 .
1655 3380 1927 3432 auctorem
1950 3379 2028 3430 rei
2055 3390 2326 3448 praestare,
2355 3376 2683 3448 respondere

630 3458 720 3512 13.
777 3458 936 3510 Haud
981 3456 1092 3509 ‘vidi'
1139 3462 1312 3528 magis.
1377 3458 1567 3512 Genus
1653 3458 1981 3511 vadimonio.
2002 3457 2169 3511 conf.
2186 3458 2408 3509 Terent.
2433 3458 2679 3509 Eunuch.

539 3537 811 3610 quoddam
839 3536 1095 3607 loquendi
1117 3537 1382 3590 ironicum
1406 3578 1422 3603 ,
1448 3556 1563 3609 quo
1652 3540 1731 3604 ΙΙ,
1759 3538 1813 3601 3,
1848 3552 1941 3606 97.
1971 3536 2041 3590 Ν.

538 3620 854 3683 utebantur,
894 3628 1059 3688 quum
1099 3616 1378 3670 ostendere
1415 3620 1565 3670 vole-
1738 3634 1824 3670 πο.
1874 3616 2155 3668 Dissolutus
2190 3632 2219 3667 a
2252 3615 2471 3669 vinculo
2512 3633 2683 3670 susce·

539 3700 703 3763 bont,
739 3697 800 3750 id
832 3696 979 3769 quod
1015 3694 1230 3751 dixisset
1266 3698 1432 3762 alius,
1457 3698 1561 3750 sibi
1648 3708 1757 3768 ptae
1792 3694 2137 3748 auctoritatis.
2170 3694 2237 3748 N.

535 3796 654 3831 non
679 3776 899 3848 probari
941 3796 956 3829 z
1001 3794 1176 3849 neque
1213 3778 1287 3829 ita
1315 3792 1456 3842 esse,
1497 3790 1561 3830 ut
1734 3778 1824 3829 25.
1850 3776 2135 3837 Inmodeste,
2158 3776 2375 3841 insane,
2402 3776 2539 3829 ultra
2566 3792 2679 3827 mo-

531 3858 624 3911 ille
664 3857 900 3911 dixisset.
941 3856 1042 3909 Hic
1069 3856 1304 3928 ,quidem
1331 3856 1559 3928 perinde
1645 3854 2108 3926 dume—Scapula
2121 3861 2348 3908 sentiunt.
2364 3855 2562 3908 Vid.v.
2584 3873 2607 3905 1
2624 3874 2674 3906 1.

533 3951 642 4002 est,
683 3954 744 3990 ac
771 3938 814 3989 si
839 3935 1039 3989 diceret
1071 3937 1298 3990 irridens
1324 3956 1507 3990 servus
1538 3957 1551 3988 ε
1732 3954 1822 4005 ²7·
1867 3936 2211 4006 Majusealam.
2262 3938 2530 4007 Major-em
2578 3952 2675 3986 na·

535 4044 558 4065 ι
595 4012 746 4071 Nihil
793 4016 907 4070 vidi
972 4034 1210 4087 unquam
1265 4016 1468 4089 oequius
1498 4041 1545 4067 a.
1640 4028 1730 4079 tu,
1779 4013 1872 4069 sed
1910 4016 2084 4087 ipsam
2122 4032 2343 4087 quoque
2377 4013 2674 4067 adolescen-

515 4098 699 4163 Quum
729 4114 792 4151 ex
821 4098 1090 4150 contrario
1117 4097 1347 4167 intelligi
1379 4097 1544 4161 velit,
1636 4097 1817 4148 tulum.
1852 4098 1918 4149 N.
