3067 5017
593 357 738 442 304
755 409 762 417 .

1319 417 1326 424 .
1407 355 1897 441 STICHUS‚

581 483 665 558 Id
707 481 919 576 magis
957 477 1274 563 facimuS‚
1310 501 1512 571 quam
1557 502 1681 546 nos
1720 492 1953 547 monet
1994 479 2226 573 pietas.

578 594 708 667 Sed
749 591 935 673 heic,
973 611 1122 656 mea
1162 611 1392 676 soror,
1431 587 1773 656 adsisdum
1814 614 1831 659 τ
1875 587 2089 678 multa
2126 590 2279 660 volo
2324 607 2546 664 tecum

579 702 798 797 Loqui
837 700 921 769 de
960 722 1031 767 re
1065 696 1215 767 viri.
1255 720 1424 768 ΡΑΝ.
1467 695 1786 785 Salvene‚
1824 699 2109 769 amabo?
2178 714 2185 726 ‘

574 839 717 885 ΡῙΝ.
750 815 963 906 Spero
997 806 1269 902 quidem
1290 859 1310 891 ‚
1347 821 1416 875 et
1457 804 1649 891 volo3
1690 807 1807 876 sed
1848 807 1977 878 hoc
2001 863 2022 896 ‚
2059 836 2275 898 soror,
2309 813 2601 901 crucior,

573 931 838 996 Patrem
880 935 1072 988 tuum
1111 940 1470 1011 meumque
1507 913 1713 1003 ade0‚
1754 918 1953 988 unice
1989 920 2105 1014 qui
2142 945 2319 992 unus

576 1033 853 1106 Civibus
895 1044 963 1099 et
995 1027 1305 1097 omnibus
1340 1017 1595 1120 probus
1638 1027 2060 1120 perhibetur,

573 1149 747 1215 Eum
785 1164 966 1210 nunc
1003 1136 1272 1231 inprobi
1318 1136 1445 1204 viri
1483 1136 1732 1230 opficio
1766 1138 1909 1226 uti;

573 1255 758 1325 Viris
789 1251 905 1346 qui
942 1262 1160 1317 tantas
1196 1244 1585 1315 absentibus
1626 1247 1872 1316 nostris

571 1366 760 1436 Facit
809 1360 1088 1455 injurias
1127 1358 1479 1442 inmerito,
1535 1419 1551 1434 x

575 1479 845 1569 Nosque
886 1471 970 1540 ab
1009 1468 1114 1538 his
1154 1466 1484 1537 abducere
1523 1463 1682 1534 volt.

572 1593 696 1659 Hae
742 1609 848 1652 res
887 1582 1039 1648 vitae
1081 1602 1226 1662 me,
1271 1601 1482 1661 soror,
1517 1588 1861 1644 saturant:

571 1702 693 1768 Hae
735 1693 902 1762 mihi
937 1687 1201 1758 dividiae
1236 1702 1302 1756 et
1342 1687 1527 1756 senio
1566 1689 1760 1765 sunt.'

573 1830 736 1879 rm.
776 1804 934 1874 Neu
968 1797 1303 1883 laci-uma,
1337 1820 1559 1884 soror3
1596 1820 1728 1866 neu
1772 1809 1891 1865 tuo
1928 1795 1998 1864 id
2038 1797 2264 1866 animo
2664 1835 2719 1864 ι.

661 1985 746 2021 10.
793 1963 998 2018 Salam
1015 1997 1032 2025 ,
1072 1957 1290 2014 amabo?
1330 1959 1599 2012 Persuasit

533 2059 539 2067 '
573 2046 843 2120 plerisque
863 2044 1103 2096 Donatus
1129 2037 1198 2091 nd
1222 2038 1462 2092 Terentii
1487 2039 1599 2092 Eu·

574 2126 838 2188 nuchum,
861 2123 935 2186 V,
957 2126 1010 2185 5,
1041 2117 1330 2172 dicendum
1353 2136 1484 2184 esee,
1503 2118 1601 2172 Sa-

579 2206 674 2259 tin'
695 2203 854 2267 salve,
907 2213 960 2252 et
987 2199 1256 2269 posterius
1279 2197 1597 2251 vocabulum

575 2305 690 2339 eue
729 2279 1044 2336 adverbium
1064 2317 1080 2346 ‚
1118 2275 1267 2349 quod
1302 2275 1565 2349 significet
1582 2316 1598 2342 ,

471 2413 480 2423 .
575 2369 776 2435 integre,
801 2358 1060 2423 commode,
1083 2370 1225 2410 recte.
1256 2356 1602 2412 Addiderunt

573 2459 915 2516 suppressum
937 2440 993 2492 in
1013 2457 1078 2492 eo
1095 2455 1208 2490 esse
1226 2437 1449 2490 verbum
1469 2441 1595 2508 agis.

571 2525 687 2595 Ego
729 2519 948 2595 quidem
993 2517 1214 2571 memini
1259 2503 1405 2587 apixd
1445 2519 1597 2587 Apu·

571 2605 735 2658 leium
779 2601 884 2672 legi
920 2616 935 2651 :
982 2616 1180 2670 uquam
1213 2596 1357 2649 salve
1391 2595 1546 2667 agis·
1580 2617 1593 2648 :

573 2682 667 2738 sed
714 2681 805 2734 hie
853 2677 1000 2750 apud
1041 2675 1397 2749 antiquiorem
1446 2694 1599 2729 mon·

572 2763 729 2817 etrari
767 2758 902 2813 mihi
947 2775 1113 2810 unum
1159 2755 1319 2808 velim
1347 2772 1361 2807 z
1405 2766 1495 2808 aut
1527 2754 1597 2808 ad

572 2840 710 2897 illud
727 2880 744 2907 ,
795 2863 818 2885 ιι
835 2835 983 2904 Quid
1038 2836 1150 2906 agis
1177 2860 1200 2883 a
1217 2872 1235 2900 ,
1281 2833 1597 2905 responderi

567 2940 818 2994 nsquam,
837 2918 981 2970 salve.
1007 2915 1235 2968 Interim
1252 2914 1429 2986 potius
1454 2913 1597 2968 duco

569 3001 732 3058 scribi
757 3021 770 3053 z
811 3025 834 3047 ιι
853 2997 1020 3050 Satin‘
1041 2994 1234 3048 salva?
1260 3019 1283 3041 ι
1313 3007 1374 3046 ut
1397 2994 1596 3047 intelli·

569 3095 745 3154 gatur,
781 3105 804 3127 ιι
826 3096 910 3131 res
940 3089 1064 3129 sunt
1085 3101 1134 3128 ι.
1157 3072 1272 3127 Hoc
1294 3073 1486 3145 jubent
1507 3075 1594 3127 in·

573 3175 751 3234 tegra,
788 3185 811 3207 ιι
841 3157 978 3210 salva
1001 3174 1086 3208 res
1109 3167 1186 3207 est
1213 3179 1235 3202 ιι
1253 3191 1269 3219 ,
1307 3166 1362 3208 et
1398 3154 1597 3208 «salvis

568 3243 732 3295 rebus
751 3265 774 3286 ιι
820 3235 975 3289 toties
1010 3235 1362 3306 frequentata.
1394 3231 1500 3286 Sed
1540 3248 1595 3287 et

565 3318 712 3394 apud
733 3317 946 3370 Livium
963 3313 1212 3368 Lucretia
1238 3314 1560 3384 interrogata
1577 3353 1594 3380 ,

579 3427 602 3449 ιι
627 3396 792 3454 Satin’
823 3396 978 3449 salvo
1005 3419 1028 3442 ιι
1055 3433 1071 3459 ,
1121 3411 1232 3446 non
1271 3405 1478 3447 tantum
1507 3411 1593 3446 re·

566 3477 797 3551 spadet
812 3515 827 3540 ,
851 3475 1084 3528 Minime.-
1117 3471 1264 3544 quod
1289 3473 1593 3544 majusculis

564 3559 732 3613 literis
771 3555 929 3628 ponit
970 3554 1301 3618 Brissonius,
1333 3564 1591 3623 tanquam

566 3649 939 3710 argumentum
1029 3633 1088 3686 in
1177 3632 1591 3704 interrogatione

562 3719 720 3772 etiam
763 3714 1075 3769 adverbium
1119 3729 1259 3778 esse,
1305 3712 1456 3782 quod
1497 3712 1588 3763 ille

565 3799 682 3852 vult
703 3818 715 3849 :
747 3794 835 3848 sed
859 3794 1015 3847 etiam
1042 3810 1056 3844 τ
1091 3815 1116 3839 ιι
1135 3791 1269 3862 quid
1291 3792 1434 3844 enim
1456 3791 1588 3846 salvi

563 3891 641 3930 est
663 3876 875 3930 mulieri
897 3872 1083 3926 amissa
1104 3870 1364 3943 pudicitia
1378 3870 1403 3922 ἲ
1423 3895 1446 3917 ι
1474 3870 1587 3925 Ubi

561 3957 821 4027 intelligas
839 3971 1004 4025 quum
1033 3963 1328 4022 rogaretur,
1361 3976 1384 3998 ιι
1405 3945 1579 4002 εειΓνω-

555 4055 628 4090 ne
654 4055 739 4089 res
763 4047 885 4088 sunt
907 4059 930 4080 n
953 4069 970 4097 ,
995 4029 1328 4101 respondisse
1345 4069 1360 4097 ‚
1385 4056 1408 4079 ιι
1427 4029 1585 4082 mini·

1688 1957 1891 2010 salvum
1931 1969 2008 2010 eet
2051 1959 2296 2024 mulieri,
2340 1971 2442 2013 ete.
2462 1985 2487 2008 ι
2535 1959 2613 2014 At
2655 1962 2716 2016 in

1686 2037 2007 2091 Menochm.
2026 2038 2100 2103 V,
2132 2059 2161 2092 2
2189 2057 2206 2092 τ
2230 2061 2254 2084 ι
2274 2039 2425 2093 Salva
2450 2040 2519 2092 sis
2538 2058 2551 2093 ε
2572 2042 2717 2096 salve

1688 2115 1961 2171 advenio?
1992 2117 2188 2172 salven’
2222 2118 2415 2172 arcessi
2456 2119 2651 2191 jubes?
2681 2147 2706 2170 ι.

1687 2195 1793 2250 Sed
1814 2197 2054 2268 ineptum
2074 2217 2260 2269 rogare
2282 2217 2485 2264 senem,
2506 2219 2573 2252 an
2594 2201 2712 2272 ipse

1686 2277 1861 2330 salvus
1880 2274 2142 2331 adveniat.
2173 2277 2527 2332 Scribendum
2548 2298 2673 2333 vero
2696 2298 2712 2332 ε

1693 2382 1717 2405 ιι
1734 2355 1958 2409 Salvene
1982 2355 2249 2413 advenio?
2292 2358 2491 2412 salvan’
2516 2360 2712 2414 arcessi

1684 2436 1841 2507 jubes
1868 2461 1916 2489 ι.
1946 2437 2201 2491 Gnortov.
2227 2471 2309 2482 —
2334 2438 2506 2492 Possit
2531 2451 2707 2493 tamen

1684 2515 1915 2586 intelligi
1941 2516 2045 2570 hoc
2072 2517 2224 2582 loeo,
2263 2531 2323 2571 ut
2356 2517 2710 2586 Menochm„

1683 2596 1842 2658 salve,
1868 2613 1992 2648 eum
2016 2596 2211 2662 salute,
2248 2610 2508 2668 quatenus
2538 2599 2705 2668 perti·

1682 2687 1775 2728 net
1800 2674 1883 2729 .ad
1924 2694 2014 2728 eos
2056 2673 2127 2728 de
2160 2677 2356 2748 quibus
2389 2695 2595 2730 mecum
2627 2679 2710 2734 vin

1682 2754 1869 2832 loqui,
1921 2753 1959 2807 i.
2002 2773 2049 2808 e.
2086 2756 2273 2810 fauste.
2326 2757 2500 2810 Simili
2544 2756 2709 2812 modo

1682 2832 1873 2888 dicunt
1896 2835 2053 2886 salute
2075 2836 2225 2888 horioe
2247 2855 2348 2907 pro
2382 2837 2519 2890 salva
2545 2837 2711 2907 hot-ia,

1680 2912 1824 2968 Rud.
1854 2915 1955 2979 IV,
1996 2935 2050 2981 a,
2094 2915 2145 2969 5.
2181 2915 2395 2970 «Salute
2422 2929 2608 2971 nostra
2634 2943 2657 2965 ι
2680 2957 2702 2984 ,

1682 2993 1719 3048 i.
1748 3013 1799 3046 e.
1822 3016 1845 3038 ι
1862 2994 2017 3046 salvis
2042 2995 2200 3048 nobis
2220 3021 2245 3044 ι
2270 3034 2288 3062 ,
2316 2995 2570 3049 Bacchid.
2593 2998 2699 3062 lv,

1685 3093 1719 3144 9
1735 3112 1752 3139 υ
1784 3092 1807 3127 Ῑ
1821 3079 1913 3143 47·
1942 3073 2015 3127 N‘
2547 3079 2551 3094 ι

1766 3155 1853 3208 18.
1870 3154 1927 3204 V
1920 3157 2005 3205 itoe
2032 3173 2107 3206 me
2130 3166 2383 3221 saturant,
2407 3155 2611 3210 faciunt
2640 3169 2704 3211 ut

1680 3231 1805 3286 τίω
1830 3250 1918 3285 me
1936 3232 2142 3286 taedeat.

1767 3330 1857 3382 19.
1880 3312 2112 3368 Dividioe.
2131 3312 2381 3366 Bacchid.
2398 3315 2503 3380 lv,
2538 3319 2594 3369 6.
2616 3345 2698 3358 ——

1678 3389 1853 3453 Senio,
1880 3391 1937 3446 id
1964 3405 2060 3457 est,
2087 3391 2249 3446 taedio
2276 3406 2329 3448 et
2356 3391 2504 3448 odio.

1718 3513 1722 3522 .
1765 3490 1851 3524 ιο.
1875 3473 1987 3526 Neu
2011 3485 2093 3524 tuo
2114 3473 2173 3524 id
2188 3473 2505 3528 animo.Non
2523 3491 2706 3544 perce-

1677 3563 1874 3620 perunt
1900 3552 2075 3606 Plauti
2104 3565 2334 3606 mentem
2366 3553 2701 3623 interpretes.

1676 3613 1837 3683 Pater
1862 3632 2007 3684 ultro
2046 3650 2183 3703 egre
2221 3644 2275 3685 et
2321 3632 2459 3685 male
2478 3633 2697 3710 'facer-e,

1672 3711 1917 3782 filiasque
1936 3730 1965 3763 ι
1990 3711 2191 3764 maritis
2210 3711 2513 3765 absentibus
2534 3711 2701 3766 abdu-

1676 3807 1816 3854 cere,
1840 3790 2061 3863 aliisque
2081 3793 2139 3844 in
2158 3791 2551 3844 matrimonium
2572 3791 2702 3846 dare

1675 3869 1998 3924 minabatur.
2027 3871 2246 3924 Dixerat
2278 3870 2587 3937 Pinacium,
2610 3889 2700 3924 eae

1674 3968 1759 4002 res
1790 3950 1914 4003 vite
1945 3969 1999 4003 ae
2024 3961 2259 4004 saturare
2277 3989 2294 4016 ,
2329 3963 2382 4004 et
2408 3951 2558 4004 senio
2593 3950 2698 4003 sibi

1673 4048 1737 4082 ae
1758 4027 1975 4083 dividiae
1999 4047 2111 4083 esse
2127 4067 2143 4093 ,
2170 4028 2335 4082 animi
2370 4029 2454 4082 eui
2484 4029 2697 4083 dolores

556 4134 643 4170 me
679 4116 834 4171 salvae
873 4123 1031 4169 sunt:
1065 4109 1197 4182 quid
1223 4109 1367 4164 enim
1398 4127 1580 4165 rerum
1668 4109 1913 4179 lacrymis
1947 4121 2146 4164 testata.
2186 4110 2375 4163 Monet
2409 4127 2539 4180 ergo
2575 4126 2695 4163 eam
