3067 5017
647 434 778 505 192
1381 409 2045 495 PSEUDOLUS‚

635 532 903 627 Magnis
941 531 1244 626 pedibus,
1280 556 1424 601 sm.
1466 531 1863 615 Perdidisti,
1915 546 2269 626 postquam
2300 532 2523 619 dixisti
2555 536 2800 630 pedes,

633 642 1002 715 Pseudolus
1032 642 1159 710 fuit
1194 642 1402 735 ipsus,
1439 666 1643 711 RALL.
1676 644 1921 713 Actum
1942 641 2023 711 ’st
2050 641 2133 711 de
2161 668 2269 711 me
2293 671 2309 714 ε
2328 644 2470 737 jam
2502 650 2800 735 morior,

931 755 1140 823 Simo,

635 891 850 937 ΒΑΜ».
882 862 1350 951 Hercle,haud
1381 877 1448 931 te
1482 864 1698 932 sinam
1726 863 2033 949 emoriri,
2066 862 2198 930 nisi
2220 880 2581 959 argentum
2614 867 2796 935 mihi

685 1024 702 1053 .
929 974 1261 1059 redditur,

630 1087 892 1182 Viginti
928 1087 1142 1153 minoe.
1191 1107 1339 1152 suu.
1387 1084 1601 1176 Atque
1641 1083 1843 1151 etiam
1878 1082 2045 1151 mihi
2092 1082 2235 1152 aliae
2266 1085 2507 1178 viginti
2546 1088 2790 1157 minae.

633 1224 834 1269 ΒΑΜ..
855 1194 1215 1265 Auferetur
1233 1192 1296 1260 id
1323 1194 1669 1285 proemium
1690 1218 1729 1260 a
1750 1192 2065 1288 me,quod
2080 1194 2355 1288 promisi
2376 1220 2495 1287 per
2506 1196 2797 1288 jocum?

631 1334 778 1381 sut.
813 1310 920 1377 De
953 1304 1254 1398 inprobis
1291 1304 1452 1370 viris
1489 1303 1741 1371 auferri
1776 1305 2124 1397 praemium
2154 1319 2221 1373 et
2245 1305 2535 1397 praedam
2571 1306 2793 1377 decet.

632 1444 834 1489 BALL.
876 1415 1126 1488 Saltem
1157 1410 1559 1483 Pseudolum
1592 1414 1756 1481 mihi
1784 1414 2007 1483 dedas·
2047 1438 2191 1484 suu,
2221 1414 2629 1483 Pseudolum
2662 1440 2792 1509 ego

926 1524 1164 1594 dedam
1203 1523 1324 1591 tibi
1355 1521 1382 1589 ?
2713 1545 2791 1583 12⁵

633 1638 822 1727 Quid
859 1632 1182 1728 deliquit?
1221 1630 1462 1717 dixin’,
1504 1632 1589 1700 ab
1628 1658 1707 1701 eo
1746 1633 1867 1701 tibi
1908 1648 1982 1702 ut
2016 1656 2319 1718 caveres,
2354 1633 2652 1702 centies?

628 1772 832 1819 BALL.
871 1742 1174 1815 Perdidit
1211 1767 1336 1810 me.
1371 1766 1520 1810 sm.
1556 1748 1647 1811 At
1684 1768 1792 1811 me
1832 1744 2069 1837 viginti
2112 1744 2389 1815 modicis
2430 1743 2791 1813 mulctavit

925 1854 1146 1921 minis,
2118 1874 2122 1879 ’

629 1992 829 2038 BALL.
868 1962 1056 2053 Quid
1091 1986 1270 2029 nunc
1306 1960 1545 2029 faciam
1567 1950 1600 2031 p·
1632 1986 1849 2032 HARP.
1885 1962 1955 2032 Si
1985 1963 2150 2031 mihi
2187 1980 2537 2058 argentum
2581 1964 2785 2033 dede-

927 2074 1056 2159 ris,
1094 2087 1160 2139 te
1203 2062 1618 2165 suspen⁴dit0.

627 2210 829 2257 ΒΑΜ..
881 2184 974 2253 Di
1013 2197 1080 2251 te
1119 2181 1405 2276 perdant
1445 2208 1461 2250 ε
1507 2205 1825 2274 sequere,
1878 2182 2001 2267 sis,
2044 2207 2151 2251 me
2188 2207 2349 2277 ergo
2386 2183 2512 2251 hac
2546 2182 2640 2251 ad
2674 2182 2781 2251 fo·—

919 2318 1108 2379 rum,
1147 2307 1224 2360 ut
1261 2291 1534 2360 solvam.
1577 2316 1791 2361 HARP.
1835 2296 2113 2386 Sequor.

621 2432 825 2479 ΒΑΜ..
877 2403 1094 2475 Hodie
1145 2427 1269 2496 ego
1311 2404 1700 2497 peregrinos
1734 2401 2121 2489 absolvam,
2180 2429 2327 2473 eras
2372 2430 2567 2500 agam
2619 2429 2777 2475 cum

915 2512 1195 2584 civibuS.

2702 2538 2779 2576 13⁰

618 2648 761 2712 Aut,
791 2647 836 2699 si
874 2645 1053 2709 malis,
1106 2669 1129 2690 ι
1150 2660 1317 2713 nugas
1369 2641 1652 2698 meditatus
1740 2666 1804 2701 ex
1836 2647 2091 2719 stipulatu
2126 2641 2661 2720 actionesz'ideoque
2692 2649 2778 2705 sti·

612 2729 755 2783 male
775 2752 823 2779 ιι.
857 2726 1039 2779 Gnoxae.

706 2828 727 2861 1
749 2826 836 2875 19.
879 2824 998 2857 stu.
1035 2802 1331 2865 Perdidisti,
1369 2814 1644 2875 postquam.

616 2888 736 2940 Hoc
763 2904 886 2939 cum
921 2897 1038 2936 toto
1064 2895 1318 2953 sequente
1343 2900 1496 2934 versu
1526 2884 1648 2935 Bal·

611 2967 749 3020 lioni
770 2963 1029 3017 dandum.
1051 2964 1310 3016 Sontvxm.
1328 2990 1408 3001 --
1427 2955 1553 3015 H'aec
1578 2962 1647 3017 ad

615 3048 779 3099 alium
813 3042 1100 3097 transcribi
1125 3061 1236 3094 non
1281 3060 1416 3111 opus
1450 3056 1553 3109 est,
1581 3041 1647 3096 si.

615 3125 834 3197 quidem
871 3122 1175 3193 Harpugem
1219 3119 1522 3191 alloquutus
1560 3123 1642 3175 Si-

615 3226 708 3259 mo
743 3222 758 3258 :
809 3200 1090 3274 perdidisti
1139 3192 1517 3270 (Ballionem),
1564 3202 1643 3255 in.

611 3286 754 3357 quit,
799 3281 1056 3345 effecisti,
1088 3298 1156 3333 ne
1183 3299 1293 3332 non
1322 3282 1488 3352 possit
1528 3300 1642 3335 esse

609 3384 703 3419 sua
725 3364 800 3416 illi
822 3360 1108 3433 pernicies,
1127 3378 1293 3432 quum
1321 3375 1640 3431 argumento

605 3445 891 3498 manifesto
937 3439 1262 3493 Pseudolum
1315 3442 1638 3494 monstrasti.

607 3524 663 3578 si
693 3537 871 3577 autem
909 3519 1184 3573 nonnullis
1213 3518 1344 3572 fides
1377 3518 1637 3573 adhiben-

602 3604 676 3657 da
724 3604 822 3664 sit,
869 3619 1018 3653 suam
1063 3598 1180 3670 ipse
1233 3597 1638 3655 adumbraverit

604 3685 825 3737 Plautus
848 3681 988 3733 hanc
1017 3679 1322 3750 imaginem.
1348 3680 1522 3744 Quam
1556 3694 1635 3735 ta·

603 3780 728 3815 men
767 3780 878 3813 non
917 3758 1055 3811 adeo
1089 3759 1365 3830 leporibus
1391 3773 1445 3813 et
1467 3779 1635 3813 venu-

595 3855 733 3897 state
767 3839 1072 3910 insignitam
1117 3839 1344 3908 opinor,
1379 3852 1438 3892 ut
1482 3859 1636 3893 man..

599 3920 829 3977 dandum
858 3918 1106 3988 posteris,
1121 3919 1166 3971 si
1199 3918 1380 3971 fuisset
1407 3938 1466 3971 ea
1491 3920 1634 3973 simi-

599 3999 778 4057 litudo
793 4038 808 4065 ,
829 3997 1066 4051 studiose
1091 4011 1320 4051 curaret.
1351 3998 1418 4051 N.

680 4105 700 4135 1
715 4101 808 4134 ια.
833 4078 982 4149 Quod
997 4080 1202 4149 promisi
1220 4096 1311 4147 per
1327 4080 1507 4147 jocum.
1526 4080 1561 4131 J
1566 4100 1627 4134 us

1738 2727 2039 2798 palationes
2066 2746 2251 2781 omnes
2276 2728 2389 2779 fere
2410 2726 2529 2798 ipso
2548 2731 2678 2799 jure
2700 2730 2775 2784 sic

1734 2827 1797 2860 ex
1810 2808 2227 2878 interrogatione
2238 2820 2290 2859 et
2304 2810 2651 2878 responsione
2658 2814 2779 2863 sub-

1735 2889 1919 2941 sistere
1950 2888 2408 2958 intelligebantur,
2434 2898 2496 2938 ut
2531 2886 2604 2940 ad
2632 2888 2777 2941 obli-

1732 2968 1999 3039 gationem
2016 3004 2033 3031 ,
2060 2968 2215 3019 etiam
2244 2965 2461 3037 jocandi
2484 2968 2669 3021 animo
2692 2988 2773 3022 es-

1732 3062 1848 3101 sent
1880 3048 2203 3117 interposita
2218 3085 2235 3111 ,
2262 3047 2379 3119 ipso
2396 3048 2519 3119 jure
2542 3046 2769 3119 prodes·

1731 3140 1861 3179 sent.
1886 3126 2029 3178 Rizv.

1818 3224 1841 3258 1
1858 3225 1883 3258 2
1896 3207 1947 3259 3.
1966 3206 2247 3257 Praemium.
2262 3204 2351 3259 Cf.
2368 3205 2515 3258 Men.
2532 3208 2581 3272 I,
2602 3228 2653 3272 2,
2674 3210 2761 3259 26.

1817 3304 1939 3355 1²7·
1974 3285 2211 3350 Modicis,
2250 3286 2379 3358 i.,e.
2420 3287 2542 3355 justi
2594 3286 2761 3339 modi.

1728 3365 1859 3419 Haec
1890 3364 2119 3419 ridicule
2146 3363 2297 3418 dicit.
2322 3366 2617 3420 Lambinus
2645 3385 2762 3419 mu·

1728 3446 1862 3498 tavit
1904 3463 1969 3498 ex
2015 3444 2239 3516 ingenio
2282 3444 2571 3509 commodis,
2616 3442 2759 3518 quod

1726 3537 1907 3595 postea
1931 3526 2093 3596 vulgo
2118 3526 2328 3595 sequuti
2350 3538 2492 3579 sunt.
2518 3528 2759 3581 Boxbor-

1724 3603 1847 3656 nius
1876 3604 2079 3657 tristius
2115 3623 2277 3675 quam
2314 3606 2429 3677 ipse
2460 3604 2611 3659 Simo
2642 3623 2754 3659 rem
2856 3675 2864 3681 N

1724 3685 1965 3753 accipere
1991 3685 2148 3737 nobis
2176 3684 2405 3749 videtur,
2434 3704 2605 3755 quum
2633 3704 2757 3738 cen-

1720 3776 1799 3816 set
1820 3763 2161 3817 scribendum
2182 3766 2464 3821 immodicis,
2487 3766 2571 3837 siq
2578 3765 2751 3819 uidem

1722 3862 1833 3895 non
1882 3842 2147 3898 modicam
2193 3845 2459 3899 existimet
2500 3846 2752 3899 muletam

1720 3923 2023 3976 mulctatus.
2056 3924 2125 3975 N.

1807 4021 1830 4056 1
1845 4005 1936 4057 28.
1960 4004 2019 4057 Sa·
2040 4004 2177 4066 mihi,
2198 4015 2299 4057 etc.
2318 4003 2609 4074 Postquam
2630 4000 2753 4054 red·

1718 4081 1921 4135 dideris
1954 4096 2265 4155 argentum,
2309 4096 2363 4135 te
2402 4081 2748 4154 suspendite,

589 4162 750 4220 civile
789 4158 1160 4221 stipulationes
1203 4156 1532 4228 introduxit,
1574 4174 1626 4214 et
1714 4162 1756 4215 si
1788 4163 1948 4216 voles.
