3067 5017
893 434 1242 505 AcTth
1291 434 1448 521 111,
1498 433 1841 503 scENA
1890 436 1948 501 1.

2394 435 2479 516 lu.

345 559 608 633 Siccine
635 570 904 650 oportet
931 557 1026 625 ire
1060 558 1308 626 amicos
1336 557 1595 625 homini
1628 558 1879 626 amanti
1906 578 2179 649 operam
2216 554 2492 625 datum?

347 672 521 742 Nam
560 669 684 735 iste
720 666 990 760 quidem
1029 666 1276 761 gradus
1313 665 1712 737 suberetu’st
1748 666 1969 735 cribro
2005 664 2395 761 pollinario,
2446 700 2463 725 ι

345 779 494 851 Nisi
529 802 682 846 cum
726 775 977 870 pedicis
1017 777 1472 846 condidicistis
1508 776 1605 845 sic
1644 776 1773 845 hoc
1807 778 2092 871 grassari
2131 775 2365 872 gradu.

238 943 243 948 -
344 912 509 959 ΜΝ.
562 890 744 955 Heus
795 899 868 954 tu
887 940 908 973 ,
968 910 1376 981 quamquam
1433 912 1560 955 nos
1609 886 1917 955 videmur
1966 886 2091 955 tibi
2146 884 2363 983 plebei
2420 900 2487 955 et

635 1020 964 1090 pauperes
977 1048 996 1083 ‚

342 1107 412 1178 si
443 1112 570 1175 ne'c
603 1121 782 1175 recte
806 1105 986 1174 'dicis
1021 1106 1250 1191 nobiS,
1283 1105 1468 1175 dives
1505 1104 1589 1173 de
1630 1130 1893 1176 summo
1935 1103 2127 1193 loco,

340 1217 638 1289 Divitem
673 1215 989 1285 audacter
1027 1215 1314 1285 solemus
1351 1231 1642 1285 mactare
1678 1216 2075 1286 infortunio.

338 1331 482 1400 Nec
509 1327 630 1396 tibi
657 1350 780 1396 nos
806 1325 1078 1395 obnoxii
1105 1350 1370 1411 sumus,
1392 1327 1563 1395 istuc
1590 1326 1750 1421 quid
1776 1341 1849 1395 tu
1878 1349 2059 1395 ames
2086 1338 2204 1393 aut
2228 1324 2484 1393 oderis:

337 1439 567 1527 Quom
607 1449 961 1530 argentum
1000 1460 1126 1529 pro
1170 1436 1389 1530 capite
1425 1436 1769 1524 dedimus,
1800 1449 2107 1505 nostrum
2147 1434 2485 1518 dedimus,

631 1570 768 1614 non
807 1559 1022 1613 tuum.

2436 1564 2485 1603 ιδ

334 1654 618 1724 Liberos
649 1680 772 1724 nos
804 1678 942 1723 esse
978 1669 1245 1749 oportet
1276 1681 1296 1724 t
1337 1640 1458 1725 nos
1495 1670 1565 1725 te
1603 1655 1797 1725 nihili
1834 1656 2213 1751 pendimus·

333 1767 440 1836 Ne
475 1780 592 1833 tuo
626 1790 750 1833 nos
791 1765 1004 1834 amori
1043 1790 1268 1833 servos
1309 1781 1462 1835 tuos
1495 1791 1647 1841 esse.
1674 1766 1977 1835 addictos
2018 1786 2305 1835 censeas.

331 1876 611 1945 Liberos
639 1875 942 1944 homines
967 1900 1089 1968 per
1117 1876 1350 1945 urbem
1387 1878 1653 1946 modico
1684 1878 1895 1971 magis
1917 1901 2041 1971 par
2069 1890 2167 1943 est
2196 1872 2411 1968 gradu

335 1986 446 2053 Ire
477 2011 493 2051 ε
527 1982 768 2054 servoli
804 2008 946 2053 esse
976 1982 1152 2053 duco
1185 1984 1607 2056 festinantem
1640 2011 1907 2056 currere
1938 2014 1953 2055 ε
2429 2015 2477 2041 2⁰

421 2139 503 2176 10.
543 2120 850 2173 Subcreeu'st
883 2120 1044 2173 cribro
1075 2122 1360 2191 pollinae-io.

339 2199 503 2265 Quod
539 2202 783 2262 σακκίζιιν
837 2200 1153 2254 dicebantur
1191 2215 1362 2254 astur·

332 2299 496 2334 eones
538 2292 590 2333 et
629 2280 886 2333 tolutares
931 2280 1087 2352 equi,
1130 2300 1361 2351 quornm

331 2358 531 2431 gradus
558 2360 615 2411 in
636 2358 966 2412 ambulando
999 2358 1226 2431 perinde
1259 2362 1361 2413 mi·

327 2452 492 2492 nutus
510 2452 561 2492 et
581 2439 784 2503 creber,
811 2439 964 2509 quasi
985 2456 1134 2491 sacco
1156 2440 1360 2492 colatus

329 2530 467 2571 esset
507 2531 560 2571 et
605 2517 870 2589 eliquatus
911 2514 1170 2588 (liquores
1215 2520 1358 2571 enim

327 2616 428 2669 per
489 2604 700 2650 saccum
757 2597 890 2650 dum
947 2598 1358 2668 exprimuntur,

327 2677 533 2730 crebris
571 2689 624 2729 et
676 2677 896 2729 minutis
950 2678 1113 2748 guttis
1159 2675 1358 2742 eunt),

326 2774 549 2827 prorsus
576 2755 764 2809 eadem
793 2758 1135 2827 metaphora,
1160 2755 1228 2808 de
1253 2758 1356 2808 mi-

325 2835 610 2889 nutissimo
661 2855 721 2887 ac
781 2836 1101 2906 spississimo
1155 2834 1359 2907 gradu,

327 2912 466 2969 dixit
502 2914 606 2967 hoc
635 2914 756 2969 loco
792 2916 1045 2979 Plautus,
1088 2934 1211 2967 eum
1237 2933 1356 2967 suc·

325 3008 533 3047 cretum
557 3012 667 3047 esse
691 2995 873 3047 cribro
907 2994 1218 3066 pollinariO.
1245 2996 1354 3047 Ve-

325 3074 496 3143 getius
517 3071 585 3125 de
604 3073 829 3127 Persicis
843 3075 1019 3145 equis,
1045 3074 1139 3145 qui
1160 3073 1354 3127 nostris

325 3152 668 3225 haquenariis
706 3154 902 3205 similes
940 3167 1090 3205 erant
1123 3174 1134 3204 :
1186 3174 1207 3195 α
1231 3153 1356 3205 Per·

325 3233 422 3285 sici
464 3244 664 3285 statura
705 3246 756 3285 et
792 3234 1056 3303 positione
1091 3252 1119 3283 a
1156 3232 1355 3285 caeteris

326 3330 588 3382 equorum
617 3311 902 3382 generibus
921 3330 1030 3363 non
1057 3312 1353 3381 plurimum

327 3389 614 3455 differunt,
665 3389 759 3444 sed
797 3392 961 3444 solius
1005 3391 1354 3445 ambulaturoe

325 3468 554 3541 quadam
583 3470 748 3540 gratia
779 3469 1163 3524 discernuntur
1193 3490 1222 3523 a
1251 3489 1350 3524 οω-

324 3550 471 3603 teris.
506 3548 718 3601 Gradus
750 3562 828 3602 est
867 3552 1106 3604 minutus
1146 3564 1196 3603 et
1235 3570 1351 3604 cre-

323 3629 450 3692 ber3
490 3641 542 3681 et
585 3629 679 3698 qui
722 3628 993 3684 sedentem
1040 3630 1266 3683 delectet
1300 3644 1351 3683 et

324 3709 506 3779 erigat,
525 3726 623 3759 nec
647 3719 760 3761 arte
783 3707 1061 3775 doceatur,
1081 3707 1175 3763 sed
1193 3722 1350 3763 natu-

322 3804 398 3838 τε
427 3786 595 3841 veluti
621 3790 741 3859 jure
776 3802 1056 3859 praestetur
1078 3816 1121 3841 a.
1173 3791 1349 3842 Sum.

323 3898 402 3909 --
428 3866 732 3921 Subcretu'st
765 3868 924 3919 cribro
950 3869 1232 3939 pollinam‘o.
1258 3870 1352 3923 Er·

323 3959 476 4012 rant,
511 3946 609 4017 qui
647 3962 758 3999 non
793 3964 857 3998 ex
901 3960 1010 3999 seta
1045 3948 1348 4001 confectum

324 4026 714 4079 incerniculum
735 4062 750 4088 ,
801 4044 910 4097 quo
955 4026 1198 4080 vibratur
1239 4028 1350 4080 sive

325 4106 591 4159 excutitur
623 4105 824 4177 pollen,
864 4106 1089 4176 intelligi
1131 4107 1349 4172 volunt,

325 4183 420 4237 sed
445 4184 682 4239 cribrum
712 4184 802 4238 hic
840 4202 950 4239 esse
989 4186 1156 4257 ipsam
1189 4186 1350 4256 polli-

1452 2143 1576 2177 nem
1611 2124 1721 2177 sive
1748 2123 1975 2177 farinam
1996 2162 2012 2185 ‚
2060 2140 2179 2191 quae
2206 2120 2344 2171 inter
2384 2117 2479 2171 de-

1429 2202 1715 2275 ¹psendum
1754 2204 1863 2255 sive
1908 2200 2265 2271 subigendum
2303 2198 2481 2251 lentis-

1451 2284 1599 2336 simae
1640 2284 1708 2336 sit
1743 2283 2008 2347 materiai,
2050 2282 2300 2333 humecta
2348 2296 2481 2347 prae-

1450 2363 1631 2416 sertim
1652 2402 1667 2427 ,
1704 2375 1756 2415 et
1781 2363 1837 2414 in
1865 2363 2130 2414 fermento
2149 2362 2329 2431 jacens
2358 2375 2371 2409 :
2416 2369 2476 2409 ut

1449 2444 1594 2495 mola
1619 2439 1819 2495 dicitnr
1836 2460 1937 2511 pro
1957 2441 2097 2494 farre
2120 2438 2325 2491 molito.
2357 2437 2475 2488 Imo

1455 2548 1477 2569 ι
1499 2519 1694 2593 gradus
1729 2533 2000 2573 succretus
2034 2520 2217 2572 cribro
2243 2515 2476 2588 pollina-

1445 2602 1576 2653 rio·
1599 2640 1615 2666 ‚
1656 2612 1735 2653 est
1775 2612 1882 2651 tam
1924 2599 2100 2651 lentus
2136 2616 2196 2650 ac
2244 2596 2471 2667 spissus,

1447 2700 1609 2752 quam
1635 2678 1785 2733 tarde
1806 2697 1837 2751 e
1856 2678 2037 2731 cribro
2059 2677 2152 2730 tali
2168 2676 2475 2727 excernitur

1445 2761 1532 2813 vel
1575 2772 1817 2813 excretus
1857 2771 1909 2811 et
1948 2757 2250 2826 percolatus
2278 2751 2477 2806 excidit

1445 2840 1545 2892 flos
1584 2840 1676 2892 ille
1706 2838 1903 2901 tritici,
1950 2836 2132 2907 pollen
2159 2853 2174 2884 ε
2207 2832 2356 2905 quod
2396 2834 2473 2883 vi-

1444 2918 1573 2971 dere
1601 2917 1725 2970 licet
1754 2914 2003 2987 quotidie
2025 2914 2079 2966 in
2100 2914 2333 2984 pistrino
2352 2912 2467 2963 fieri

1444 3017 1607 3069 quam
1632 2996 1947 3050 tardissime.
1986 2994 2168 3047 Gnozc.
2198 3024 2278 3035 —
2306 2990 2473 3055 Quod

1443 3078 1488 3129 si
1540 3078 1679 3131 inter
1731 3089 1904 3128 tantos
1947 3072 2244 3143 diiudicare
2290 3071 2475 3134 liceat,

1441 3158 1590 3209 litem
1622 3156 1876 3209 Salmasio
1905 3153 2165 3207 addicam.
2196 3152 2264 3204 H.
2294 3168 2342 3202 e.
2368 3148 2471 3199 mi·

1440 3237 1736 3289 nutissimis
1758 3236 2014 3307 passibus.
2049 3234 2119 3287 N.

1529 3322 1621 3379 14.
1666 3316 1891 3368 Mactata
1942 3314 2226 3381 infortunio.
2271 3308 2467 3379 Amph.

1439 3396 1543 3459 IV,
1571 3415 1598 3447 a
1617 3433 1631 3461 ,
1658 3402 1747 3459 14.
1896 3388 1905 3397 ’

1527 3474 1612 3528 15.
1668 3474 1865 3527 Obnox.
1918 3477 1998 3525 ist.
2049 3469 2169 3543 quid
2216 3481 2267 3520 tu
2322 3488 2466 3523 ames.

1442 3552 1574 3606 Vid.
1600 3574 1675 3607 vs.
1705 3556 1795 3607 18.

1527 3652 1551 3686 ι
1566 3636 1616 3685 6.
1647 3634 1925 3702 Argentum
1955 3650 2049 3703 pro
2080 3650 2187 3700 cap.
2232 3630 2475 3683 dedimus.

1439 3711 1572 3765 vid.
1602 3713 1746 3766 Prol.
1774 3718 1867 3777 24,
2406 3774 2411 3779 ,

1527 3812 1549 3845 1
1564 3812 1617 3863 9.
1651 3793 1849 3843 Liberos
1889 3790 2115 3842 homines.
2154 3788 2353 3843 Viden’
2374 3789 2471 3841 he-

1439 3881 1647 3924 sternos
1691 3872 1861 3935 cives,
1905 3870 2053 3939 virga
2114 3869 2355 3941 praetoris
2412 3870 2469 3921 in

1434 3952 1521 4021 jus
1575 3950 1783 4014 ascitos,
1830 3960 2162 4021 quantopere
2206 3950 2467 4011 timeant,

1437 4048 1508 4081 ne
1543 4047 1653 4082 non
1696 4048 1719 4081 s
1752 4030 1819 4081 tis
1850 4029 2051 4084 emtitia
2083 4027 2337 4099 dignitate
2373 4046 2468 4097 pa-

1438 4109 1543 4162 lam
1577 4048 1846 4163 fruaniur.
1870 4108 1937 4162 N.

1525 4208 1612 4243 πο.
1642 4188 1831 4242 ὃσενοὶἰ
1851 4208 1951 4241 esse
1970 4189 2123 4249 duco,
2166 4198 2267 4247 etc.
2306 4184 2469 4238 Conf.
