3067 5017
609 440 750 513 388
1381 436 1968 522 ΤΒιΝυΜυε,

602 569 779 637 Nam
816 561 1078 657 sapiens
1113 558 1392 653 quidem
1414 612 1432 644 ,
1466 557 1623 653 pol,
1665 561 1807 653 ipse
1840 558 2039 653 fingit
2069 558 2411 628 fortunam
2452 563 2603 631 sibi.

597 679 700 746 Eo
738 700 823 743 ne
865 671 1076 741 multa
1107 695 1254 764 quae
1293 667 1516 738 nevolt
1545 671 1899 754 eveniunt,
1940 668 2069 738 nisi
2114 668 2311 738 fictor
2348 669 2563 740 malus
2602 673 2756 742 siet.

517 839 526 849 .
596 811 746 856 mss.
776 781 996 854 Multa
1019 795 1118 850 est
1149 805 1350 874 opera
1375 803 1546 872 opus
1572 779 1860 867 ficturae,
1880 780 1996 875 qui
2026 804 2096 848 se
2128 778 2427 848 fictorem
2460 783 2757 876 probum

595 898 771 968 Vitae
803 891 1090 990 agundae
1126 914 1268 959 esse
1312 887 1588 982 expetit.
1625 888 1759 959 Sed
1802 888 2327 960 hic-admodum
2358 891 2758 962 adulescen-

891 1001 1096 1072 tulus·
2702 1031 2759 1069 85

593 1139 712 1186 ΡΗ.
751 1117 908 1186 Non
939 1126 1164 1198 aetate,
1198 1135 1435 1180 verum
1473 1110 1747 1204 ingenio
1786 1111 2108 1205 apiscitur
2146 1113 2494 1206 sapientia.

507 1307 516 1314 ,
595 1225 896 1320 Sapienti
934 1237 1092 1291 aetas
1121 1221 1627 1292 condimentum
1650 1221 1768 1307 ’st3
1808 1221 2070 1314 sapiens
2098 1223 2276 1292 aetati
2312 1223 2577 1294 cibu'st.

594 1361 718 1408 ΡΗ.
750 1332 1099 1432 Agedum,
1125 1331 1480 1426 eloquere·
1510 1330 1678 1426 quid
1708 1330 1868 1401 dare
1890 1331 1987 1401 illi
2018 1359 2200 1402 nunc
2227 1335 2371 1404 vis?
2396 1359 2541 1406 mrs
2569 1334 2759 1407 Nihil

895 1442 1303 1537 quidquam,
1343 1457 1559 1534 pater.

598 1560 705 1626 Tu
740 1554 942 1623 modo
977 1578 1064 1620 ne
1097 1575 1204 1620 me
1243 1551 1598 1675 prohibeas
1634 1519 1971 1646 adcipere,
2010 1553 2064 1622 si
2102 1554 2265 1647 quid
2297 1554 2412 1624 det
2440 1557 2625 1626 mihi.

577 1685 719 1742 jen.
766 1669 864 1735 An
904 1689 985 1732 eo
1016 1676 1372 1756 egestatem
1407 1662 1551 1754 ejus
1590 1660 1951 1752 tolerabis,
1992 1665 2047 1732 si
2084 1664 2251 1758 quid
2289 1665 2373 1734 ab
2417 1664 2535 1735 illo
2570 1666 2761 1738 adce-

898 1770 1121 1869 peris?
1690 1830 1697 1838 .
2702 1815 2762 1854 90

596 1909 745 1957 mss.
786 1889 887 1955 Eo
914 1937 933 1971 ‚
971 1896 1182 1976 pater.
1235 1905 1354 1951 ΡΗ.
1407 1881 1574 1965 Pol,
1624 1907 1750 1979 ego
1794 1885 1990 1953 istam
2015 1937 2035 1971 ,
2075 1881 2231 1954 volo
2273 1911 2381 1954 me
2424 1886 2754 1958 rationem

891 1991 1378 2076 edoceas.1.Ys‚
1416 1993 1623 2061 Licet.

605 2102 786 2174 Scin’
825 2117 898 2171 tu
929 2100 1121 2180 illum
1159 2125 1295 2195 quo
1337 2125 1581 2196 genere
1620 2111 1863 2196 gnatus
1896 2103 2033 2174 sit?
2067 2129 2184 2178 ΡΗ.
2222 2107 2419 2193 Scio,
2454 2106 2761 2203 adprime

894 2213 1133 2307 probo,

605 2348 751 2395 LYS.
778 2325 990 2392 Soror
1025 2319 1122 2389 illi
1160 2335 1258 2389 est
1291 2320 1551 2408 adulta,
1566 2347 1760 2416 virgo
1788 2322 2090 2417 grandis3
2118 2349 2264 2395 eam
2292 2328 2517 2421 cupi0,
2545 2344 2760 2422 pater,

605 2440 875 2507 Ducere
914 2457 1210 2501 uxorem.
1240 2456 1362 2502 PH.
1400 2433 1561 2501 Sine
1597 2434 1980 2504 dote?1.YS.-
2021 2437 2178 2506 Sine
2210 2438 2383 2507 dote.
2419 2463 2537 2508 PH.
2576 2445 2763 2510 Uxo-

900 2542 1087 2612 rem?
1130 2567 1280 2617 us.
1330 2546 1467 2628 Ita,

605 2660 752 2726 Tua
788 2680 859 2724 re
883 2652 1057 2722 salva
1084 2637 1112 2720 :¹
1132 2653 1262 2721 hoc
1288 2668 1484 2746 pacto
1510 2654 1595 2722 ab
1627 2652 1743 2722 illo
1770 2655 1966 2724 inibis
1998 2683 2323 2728 summam
2358 2661 2679 2754 gratiam,
2706 2685 2763 2736 9⁵

601 2770 842 2861 Neque
873 2762 1272 2833 conmodius
1313 2761 1452 2831 ullo
1482 2779 1681 2856 pacto
1718 2767 1778 2846 ei
1822 2769 2075 2860 poter-is
2120 2770 2523 2841 auxiliarier.

603 2901 727 2948 PH.
765 2880 999 2969 Egone
1036 2871 1408 2942 indotatam
1459 2887 1522 2940 te
1557 2898 1833 2944 uxorem
1873 2891 1951 2944 ut
1990 2880 2252 2970 patiar?
2288 2906 2438 2952 LYs.
2487 2884 2763 2952 Patiun-

901 2981 1095 3052 dum’
1101 2997 1161 3051 st
1186 2997 1482 3075 ,zpater

607 3101 698 3168 Et
733 3121 813 3165 eo
850 3109 1048 3189 pacto
1087 3037 1422 3166 addideris
1460 3109 1704 3162 nostrae
1742 3093 2037 3189 lepidam
2082 3095 2330 3202 sarnam
2371 3099 2654 3170 familiae.

609 3233 732 3280 ΡΗ.
779 3202 996 3276 Multa
1033 3228 1160 3297 ego
1199 3228 1470 3296 possum
1513 3203 1711 3272 docta
1746 3205 1969 3293 dicta,
2014 3222 2083 3276 et
2121 3210 2425 3300 quamvis
2475 3209 2766 3324 facunde

905 3313 1128 3407 loqui·
1112 3367 1131 3401 ,

695 3475 788 3529 83.
805 3471 889 3524 Eo
904 3488 964 3521 nc
985 3468 1137 3520 multa
1157 3487 1266 3539 quoe
1285 3469 1460 3519 nevolt.
1476 3469 1643 3522 Utro-

606 3554 774 3626 bique
799 3571 857 3602 ne
876 3566 978 3620 pro
997 3566 1091 3600 non
1109 3565 1371 3618 usurpans
1384 3586 1400 3609 ,
1426 3561 1646 3602 venuste

612 3634 752 3688 dixit
789 3631 1004 3684 Plautus
1039 3645 1053 3680 ε
1085 3640 1146 3679 ut
1173 3626 1244 3688 V,
1281 3647 1334 3690 α,
1367 3630 1463 3678 nisi
1493 3633 1645 3680 nevis.

613 3717 705 3766 Ait
731 3712 926 3782 igitur:
960 3706 1046 3759 Ob
1075 3705 1131 3758 id
1157 3724 1269 3758 non
1297 3707 1465 3759 multa
1483 3745 1499 3771 ,
1527 3727 1645 3778 quae

611 3813 722 3848 non
749 3790 890 3850 vult,
921 3787 1191 3840 eveniunt.
1217 3786 1402 3838 Tmuc.

691 3875 785 3935 84.
827 3868 994 3922 Multa
1035 3878 1106 3918 est
1144 3884 1316 3935 opera,
1359 3878 1464 3919 etc.
1491 3866 1645 3936 Opus

597 3965 687 4008 -est
709 3951 759 4003 ei
787 3948 952 4000 multa
981 3963 1146 4016 opera
1169 3957 1224 3996 et
1255 3962 1380 3998 cura
1404 3943 1644 4016 fingendi

609 4051 670 4086 ac
713 4024 992 4083 laborandi
1016 4068 1030 4088 ,
1068 4024 1161 4096 qui
1214 4024 1476 4078 rationem
1521 4027 1643 4078 vitae

595 4125 746 4168 ‘recte
769 4103 1022 4177 degenda!
1042 4104 1145 4156 sihi
1171 4103 1370 4174 fingere
1391 4105 1601 4175 cogitat.

687 4195 785 4260 87,
809 4188 1027 4256 Sapienti
1044 4197 1166 4236 oetas
1181 4221 1194 4242 ‚
1217 4197 1318 4238 etc.
1359 4185 1434 4238 Ut
1456 4184 1645 4238 condi-

1732 3482 1853 3524 tura
1886 3490 1985 3541 per
2016 3492 2074 3526 se
2112 3475 2293 3529 cibum
2334 3477 2508 3530 facere
2542 3477 2763 3549 nequit,

1732 3551 1835 3602 nisi
1869 3551 2019 3605 cibus
2060 3552 2227 3620 adsit;
2268 3557 2340 3608 ita
2368 3558 2575 3628 sapiens
2606 3570 2764 3612 atate

1734 3648 1841 3682 non
1874 3629 1937 3682 fit
1956 3669 1974 3696 ‚
2007 3633 2109 3685 nisi
2136 3634 2353 3706 ingenio
2380 3655 2490 3690 esse
2518 3638 2762 3708 coeperit.

1734 3709 2062 3780 Sapientiam
2097 3727 2218 3766 aetas
2247 3716 2461 3787 perficit
2488 3717 2727 3770 innatam
2744 3758 2763 3786 ,

1733 3808 1843 3841 non
1870 3790 2015 3844 facit.

1782 3911 1787 3918 .
1816 3887 1907 3936 9¹·
1925 3872 2077 3923 Licet.
2098 3872 2237 3926 Rud.
2261 3876 2364 3938 IV,
2390 3881 2455 3939 6,
2486 3879 2538 3930 8.

1816 3967 1909 4018 97.
1933 3952 2231 4019 Egone...ut
2245 3973 2301 4023 p.
2319 3955 2478 4008 Cure.
2491 3958 2565 4018 V,
2587 3975 2639 4014 2,
2664 3959 2760 4010 18.

1757 4047 1761 4051 ·
1816 4033 1913 4096 98.
1948 4032 2020 4082 Et
2044 4051 2100 4082 eo
2118 4046 2295 4100 pacto,
2338 4047 2437 4088 etc.
2475 4034 2603 4088 Vid.
2634 4038 2763 4090 Aul.

1732 4109 1839 4170 111,
1878 4110 1941 4172 5,
1978 4113 2101 4173 4-8.

1814 4207 1908 4276 99.
1945 4191 2193 4258 Quamvis.
2218 4193 2405 4246 Bacch.
2435 4196 2523 4258 Π,
2550 4195 2605 4259 3,
2634 4197 2767 4249 105.
