3067 5017
663 215 684 246 ρ

613 425 758 496 350
1453 427 1933 510 STICHUS,

607 573 759 618 sac.
797 551 1079 641 Sequor,
1107 559 1174 616 et
1203 546 1476 616 domum
1512 547 1835 618 redeundi
1867 546 2273 641 principium
2313 544 2553 642 placet.

606 662 793 726 Bona
829 680 1040 726 scaeva
1081 671 1434 751 strenaque
1469 657 1737 726 obviam
1775 657 2059 730 ohne-seit
2092 656 2281 727 mihi.

1942 765 1959 818 (
1977 767 2191 808 lau-ocant
2226 765 2505 823 Pamphilippi
2518 765 2693 806 domum
2705 764 2739 819 .)

1185 955 1509 1046 SCEN
1518 955 1601 1064 A
1670 951 2171 1044 TERTIA.

1377 1165 1989 1234 STEPHANIUM.

600 1339 852 1407 Mirum
896 1335 1105 1404 videri
1146 1331 1400 1436 nemini
1439 1345 1743 1400 vostrum
1778 1330 1931 1400 volo
1951 1386 1973 1419 ‚
2012 1347 2443 1433 spectatores,

599 1447 787 1538 Quid
841 1469 964 1540 ego
1021 1446 1220 1529 hinc,
1267 1467 1416 1537 quae
1462 1440 1638 1511 illeic
1694 1440 1963 1530 habito,
2010 1467 2285 1516 exeam:
2343 1445 2585 1520 faciam
2628 1472 2741 1521 vos

894 1569 1238 1625 certioroe.

599 1671 829 1737 Domo
865 1667 1120 1736 dudum
1141 1665 1275 1733 huc
1301 1665 1613 1733 arcessita
1648 1681 1834 1748 sum,
1864 1666 2191 1759 quoniam
2216 1668 2605 1742 nuntiatum
2626 1668 2739 1755 ’st‚

600 1781 888 1847 Istarum
925 1781 1242 1844 venturos
1277 1774 1502 1842 viros:
1544 1775 1635 1842 ihi
1673 1773 2062 1844 festinamus
2094 1777 2391 1863 omneis,

595 1888 817 1954 Lectis
853 1883 1224 1954 sternendis
1265 1883 1666 1971 studuimus,
1690 1885 2171 1978 munditiisque
2204 1885 2631 1979 adparandis.
2718 1907 2739 1946 ⁵

598 1999 786 2064 Inter
823 1993 988 2064 illud
1029 2007 1251 2061 tamen
1293 1995 1635 2086 negotium
1677 1996 1841 2063 meis
1877 1996 2105 2063 curavi
2140 1997 2406 2084 amicis»,

597 2106 824 2174 Sticho
869 2119 936 2172 et
979 2127 1298 2173 conservo
1331 2105 1651 2198 Sagarino
1685 2127 1867 2191 me0,
1904 2090 2095 2174 coena
2130 2122 2320 2176 cocta
2358 2123 2433 2176 ut
2471 2124 2660 2178 esset.

600 2215 866 2284 Stichus
901 2228 1266 2308 opsonatus
1291 2229 1388 2282 est
1422 2239 1438 2284 ε
1471 2230 1780 2284 caeterum
1817 2241 1943 2310 ego
1970 2195 2267 2286 curanilo
2308 2219 2376 2286 id
2412 2218 2734 2314 adlegavi.

601 2325 801 2393 Nunc
841 2324 953 2391 ibo
979 2323 1174 2409 hinc,
1199 2337 1265 2390 et
1293 2324 1542 2392 amicos
1572 2349 1755 2393 meos
1785 2327 2035 2394 curabo
2073 2327 2222 2395 heic
2260 2328 2733 2399 advenienteis.

1122 2557 1563 2652 scENA
1638 2559 2219 2674 QUARTA.

1165 2762 1713 2848 SAGARINUS‚
1758 2765 2161 2897 ⁸STICHUS.

597 2953 750 3000 SAG.
795 2929 1022 3026 Agite,
1051 2926 1170 2995 ite
1209 2927 1383 2996 foras
1407 2981 1425 3015 ,
1464 2927 1629 2996 ferte
1672 2949 1985 3028 pompam
2020 2955 2037 2998 ε
2079 2930 2245 3000 cado
2291 2946 2359 3002 te
2398 2935 2731 3028 praeficio,

881 3037 1125 3106 Stiche.

593 3149 930 3220 Omnibus
969 3146 1186 3215 modis
1217 3161 1585 3242 temperare
1608 3164 1863 3218 certum
1888 3149 1969 3219 'st
2003 3167 2307 3222 nostrum
2340 3155 2543 3224 hodie
2568 3183 2731 3226 con·

887 3281 1160 3324 Vlvlum.

595 3464 685 3516 m,
721 3448 761 3508 i.
790 3465 837 3502 e.
879 3463 1060 3500 severe
1091 3443 1272 3496 vivere
1307 3445 1618 3516 opponitur.
1802 3468 1849 3502 1.
1880 3449 2001 3502 Μὶν.
2025 3451 2216 3518 videri,
2240 3467 2341 3506 eto.
2370 3455 2493 3508 Aul.
2514 3455 2657 3509 Proi.
2684 3476 2731 3513 1.

681 3534 772 3594 24,
801 3527 946 3580 Bona
972 3544 1125 3577 scoeva
1158 3536 1426 3594 strenaque.
1449 3523 1621 3580 Scoeva
1793 3549 1843 3584 2.
1877 3531 2041 3590 Hinc,
2090 3523 2167 3586 ex'
2192 3533 2393 3592 aedibus
2422 3533 2729 3606 Epignomi.

590 3607 726 3680 quid
753 3606 841 3676 sit,
863 3603 1092 3660 diximus
1113 3603 1302 3656 Pseud.
1317 3603 1420 3666 IV,
1446 3625 1502 3674 7,
1523 3607 1617 3676 39.
1708 3609 1955 3675 —Iueic,
1978 3611 2123 3682 apud
2154 3611 2610 3689 Pamphilippum.

601 3717 624 3740 .
643 3689 886 3745 strenam
908 3702 1185 3748 vocamus,
1206 3681 1378 3754 inquit
1401 3683 1618 3748 Festus,
1789 3695 1841 3752 4.
1871 3691 2103 3754 Istat-um,
2126 3693 2328 3746 Pinacii
2351 3707 2403 3746 et
2430 3693 2733 3768 Panegyris.

591 3788 711 3840 quae
757 3764 916 3817 datur
958 3761 1046 3815 die
1082 3763 1384 3834 reliong,
1427 3759 1621 3816 ominis
1790 3769 1844 3821 8.
1878 3769 2115 3822 Coeterum
2141 3791 2231 3842 ego
2270 3775 2485 3828 curando
2522 3775 2577 3826 id
2602 3777 2732 3829 adle-

593 3849 725 3904 boni
749 3844 916 3915 gratia
931 3881 946 3912 ,
978 3861 1006 3896 a
1032 3859 1258 3895 numero
1281 3861 1392 3916 quo
1414 3843 1617 3912 signifi·
1702 3851 1834 3915 gavi.
1855 3849 2154 3922 Caeteroqui
2180 3871 2279 3922 ego
2306 3853 2533 3924 aliquem
2554 3856 2731 3924 priva·

589 3940 761 3990 catur,
795 3923 1018 3976 alterum
1067 3922 1390 3993 tertiumque
1430 3936 1617 3974 ventu·
1708 3938 1821 3978 tum
1842 3929 2083 4000 misi,qui
2101 3927 2153 3984 id
2168 3946 2374 3985 curaret
2394 3947 2446 3985 et
2458 3947 2729 4006 coqueret.

594 4025 716 4060 rum
751 4002 937 4056 simius
967 4001 1272 4067 commodi,
1311 4001 1476 4054 veluti
1508 4015 1617 4055 tre·
1792 4025 1841 4058 1.
1875 4004 2124 4080 Pompam.
2150 4011 2349 4065 Bacch.
2373 4013 2431 4078 1,
2467 4033 2519 4078 2,
2554 4017 2610 4068 6.

587 4106 710 4142 nam
730 4123 746 4146 .
770 4083 1046 4158 praeposita
1089 4101 1114 4132 s
1141 4081 1321 4147 litera,
1345 4094 1403 4134 ut
1428 4079 1482 4134 in
1512 4083 1618 4134 loco
1791 4104 1838 4138 a.
1878 4087 2163 4160 Temperare
2196 4098 2294 4156 te,'
2318 4091 2540 4146 bibendi
2588 4093 2731 4146 arbi·

591 4180 648 4222 et
671 4167 758 4219 lite
789 4161 1029 4216 solebant
1056 4160 1262 4232 antiqui
1285 4186 1334 4214 ι.
1704 4177 1872 4230 trum,
1903 4166 2135 4230 convivii
2163 4163 2357 4240 regem}
