3067 5017
648 474 783 523 120
1366 453 2047 539 PSEUDOLUS‚

628 575 845 647 Mihi:
878 599 1004 669 ego
1021 600 1101 651 eo
1132 575 1200 643 in
1223 576 1576 647 macellum
1594 633 1613 668 ,
1646 594 1720 647 ut
1754 580 2036 673 piscium
2065 574 2399 671 quidquid
2426 590 2528 644 est
2558 576 2792 671 pretio

924 685 1321 778 praestinem.

628 796 662 861 I
680 847 699 880 ‚
713 818 945 887 puere‚
962 819 1129 887 prm,
1144 820 1229 864 ne
1252 796 1610 892 quisquam
1636 796 2003 892 pertundat
2026 820 2414 865 crumenam
2436 794 2660 865 cautio
2671 793 2780 865 ’st.

627 901 756 973 Vel
795 905 1107 998 obperire
1140 930 1156 973 ε
1194 920 1293 975 est
1328 907 1514 1000 quod
1552 908 1731 977 domi
1769 904 1992 977 dicere
2020 932 2207 1001 paene
2243 906 2341 973 fui
2377 901 2648 973 oblitus.

629 1012 986 1085 Auditin'?
1017 1016 1233 1101 vobis,
1272 1016 1621 1105 muliereS‚
1656 1018 1832 1087 hanc
1869 1018 2084 1087 habeo
2125 1015 2522 1084 edictionem
2557 1038 2571 1080 :

630 1129 773 1209 Vos
792 1149 941 1219 quae
971 1126 1039 1193 in
1068 1125 1439 1212 munditiis,
1466 1125 1790 1215 mollitiis,
1814 1126 2195 1221 deliciisque
2220 1122 2554 1194 aetatulam
2585 1122 2785 1217 agitis

628 1234 815 1304 Viris
852 1258 1004 1303 cum
1043 1236 1319 1304 summis
1346 1234 1617 1307 inclutae
1645 1238 1912 1329 amicae,
1943 1262 2126 1306 nunc
2162 1260 2290 1329 ego
2327 1234 2548 1321 scibo,
2577 1249 2784 1327 atque

928 1344 1129 1413 hodie
1163 1346 1501 1440 experiar,
2728 1366 2780 1407 ⁴1

632 1453 801 1544 Quae
850 1456 1093 1549 capiti,
1137 1481 1286 1549 quae
1331 1456 1548 1525 ventri
1593 1480 1868 1551 operam
1922 1455 2072 1540 det,
2137 1478 2419 1548 quaeque
2465 1477 2600 1521 suae
2647 1452 2784 1535 rei,

922 1589 1073 1659 quoe
1114 1590 1350 1633 somno
1392 1565 1702 1635 studeat:

626 1676 851 1765 Quam
882 1673 1189 1743 libertam
1223 1676 1366 1743 fore
1396 1675 1558 1743 mihi
1589 1676 1905 1763 credam,
1933 1691 1999 1744 et
2034 1699 2240 1769 quam
2280 1672 2626 1759 venalem,
2659 1672 2786 1741 ho-

921 1782 1125 1852 hodie
1167 1786 1490 1881 experiar.

626 1894 852 1961 Facite
892 1891 1135 1974 hodie,
1176 1907 1255 1960 ut
1292 1894 1461 1962 mihi
1498 1918 1778 1964 munera
1822 1894 2038 1965 multa
2075 1896 2208 1965 huc
2247 1857 2332 1963 ab
2367 1893 2786 1964 amatoribus

924 2005 1352 2076 conveniant.

626 2111 807 2185 Nam
840 2112 968 2181 nisi
1001 2138 1211 2207 penus
1240 2138 1502 2207 annuus
1540 2114 1740 2185 hodie
1775 2115 2121 2202 convenit,
2155 2138 2302 2184 cras
2334 2112 2584 2210 populo
2622 2138 2782 2208 pro-

929 2223 1199 2291 stituam
1243 2249 1382 2293 vos·
2727 2248 2783 2293 ⁴⁵⁵

632 2330 940 2403 Natalem
979 2332 1161 2401 scitis
1201 2334 1363 2403 mihi
1403 2334 1580 2404 diem
1622 2360 1765 2405 esse
1800 2336 1985 2404 hunc
2021 2360 2037 2403 ε
2087 2335 2203 2404 ubi
2250 2335 2358 2404 isti
2403 2349 2590 2421 sunt,
2631 2336 2788 2429 qui-

930 2442 1056 2511 bus
1092 2467 1213 2535 yos
1250 2442 1429 2514 oculi
1475 2446 1678 2515 estis?

634 2552 901 2643 Quibus
948 2554 1143 2623 vitae?
1184 2556 1429 2649 quibus
1468 2553 1713 2625 delitiae
1759 2555 1958 2625 estis?
2004 2556 2250 2651 quibus
2301 2556 2528 2625 savia?
2570 2579 2806 2624 mam--

922 2661 1161 2732 'mil-la?
1200 2662 1513 2735 mellitae?

635 2772 1113 2868 Manipulatim
1172 2774 1337 2842 mihi
1389 2774 1873 2869 munerigeruli
1931 2774 2129 2845 facite
2177 2790 2331 2845 ante
2387 2774 2588 2843 aedeis
2635 2772 2781 2867 jam

934 2884 1085 2951 heic
1124 2882 1365 2951 adsint.

636 3021 745 3074 est,
784 3014 849 3060 'ut
881 3005 1097 3077 opinor,
1118 3002 1123 3010 ’
1141 3004 1423 3075 diligenter
1456 3007 1659 3080 aliquid
1756 3008 1872 3062 Suoe
1889 3013 1986 3069 rei,
2011 3008 2176 3074 bono,
2203 3009 2460 3063 fortunae.
2482 3040 2562 3053 ——
2581 3008 2783 3071 sonmo,

634 3104 824 3142 curare
838 3125 855 3151 ,
874 3086 1125 3157 frequens
1145 3084 1295 3155 operi
1318 3085 1516 3152 adesse,
1534 3106 1660 3141 nam
1757 3090 1977 3141 inertiae.
2005 3088 2076 3141 N.

634 3171 732 3221 cito
750 3183 1203 3237 supervacaneum
1218 3178 1384 3232 esset;
1404 3178 1663 3237 praeterea
1841 3168 1930 3232 43.
1974 3170 2136 3237 Quam
2173 3168 2426 3231 libertam,
2472 3180 2576 3221 etc.
2609 3169 2786 3239 Expe-

636 3246 695 3303 id
716 3258 797 3301 est
813 3244 963 3299 verbi
984 3244 1273 3315 ingenium.
1294 3244 1363 3297 N.
1759 3247 1868 3299 riar
1890 3246 2054 3305 hodie
2069 3286 2085 3310 ,
2121 3266 2240 3317 quae
2265 3266 2356 3301 sua
2393 3259 2662 3301 mereatur
2698 3247 2786 3300 in·-

616 3397 621 3400 -
721 3326 911 3399 37.Ne
930 3328 1083 3398 quisq.
1094 3324 1319 3395 pet-eund.
1338 3325 1660 3378 crumenam
1760 3324 1990 3387 dustria,
2021 3339 2083 3380 ut
2121 3345 2282 3379 manu
2317 3327 2574 3380 mittatur.
2611 3327 2782 3393 Quae,

634 3408 695 3461 in
722 3406 867 3461 collo
907 3406 1163 3477 gerebant
1200 3417 1493 3458 retrorsum
1527 3422 1662 3475 pen-
1757 3418 1972 3469 contra,
2019 3405 2288 3458 venalium
2333 3406 2682 3471 ancillarum,
2721 3408 2782 3460 in

638 3486 888 3551 dentem;
917 3486 993 3537 ita
1017 3495 1077 3537 ut
1102 3483 1191 3536 fur
1216 3504 1247 3539 a
1269 3497 1421 3555 tergo
1440 3484 1661 3537 ferentis
1757 3502 1984 3537 numero
2005 3486 2173 3553 jaceat
2189 3522 2206 3549 ,
2237 3485 2516 3538 servilibus
2543 3486 2784 3540 ministe-

632 3580 813 3639 posset
835 3581 1143 3618 crumenam
1166 3575 1493 3618 exenterare.
1527 3562 1659 3618 vid.
1754 3564 1850 3617 riis
1877 3562 2086 3617 addicta
2103 3603 2120 3630 ,
2149 3576 2239 3617 aut
2260 3564 2633 3618 venumdetur.
2665 3564 2734 3617 N.

634 3640 847 3701 Asinar.
870 3646 973 3708 111,
1015 3645 1068 3709 3,
1100 3646 1196 3713 67,
1229 3646 1284 3697 et
1313 3644 1459 3699 Pers.
1484 3644 1572 3709 ΙΙ,
1605 3640 1656 3708 5,
1837 3643 1931 3708 45.
1955 3646 2196 3707 Annuus,
2223 3644 2328 3715 qui.
2348 3646 2406 3697 in
2433 3663 2672 3697 annuum
2697 3645 2782 3698 vi-

638 3744 664 3780 1
682 3746 731 3780 1.
756 3725 825 3778 N.
847 3738 929 3767 -‘-
946 3722 1123 3777 Cautio
1152 3722 1229 3774 ἐι.
1252 3721 1319 3777 Id
1344 3734 1440 3788 est,
1464 3742 1655 3777 caven-
1753 3735 1898 3776 ctum
1921 3724 2165 3778 sufficiat.
2187 3722 2317 3775 vid.
2336 3743 2413 3777 vs.
2444 3724 2535 3778 56.
2549 3724 2776 3794 -Pop.

630 3804 761 3859 dum
786 3816 879 3857 est.
902 3804 1142 3855 Donatus
1161 3800 1329 3856 Andr.
1355 3802 1441 3868 11,
1466 3804 1520 3857 3.
1745 3808 2034 3872 prostituam
2073 3823 2181 3857 vor.
2220 3804 2342 3857 Non
2390 3804 2448 3856 in
2493 3802 2779 3857 munditiis

714 3888 809 3947 41.
829 3883 1035 3936 Inclutoe
1052 3922 1067 3946 ,
1098 3880 1410 3951 splendidas.
1750 3895 1956 3936 aetatem
1993 3883 2188 3953 agetis,
2217 3901 2341 3935 cum
2374 3883 2578 3937 selectis
2612 3882 2774 3947 viris,

716 3970 811 4027 42.
849 3964 975 4031 Quoe
1000 3964 1178 4029 capiti,
1209 3960 1463 4014 libertati.
1492 3960 1651 4013 Conf.
1749 3960 1841 4015 sed
1885 3962 2107 4015 cuilibet
2147 3982 2177 4015 e
2222 3963 2428 4033 populo
2474 3962 2778 4033 prostibula

626 4042 938 4105 Mostell.1,
960 4041 1015 4107 3,
1048 4040 1139 4105 54.
1166 4072 1245 4083 -—-
1278 4041 1484 4104 Ventri,
1527 4040 1564 4092 i>
1599 4058 1646 4092 e.
1751 4042 2024 4094 merebitis
2043 4040 2354 4095 diobolaris.
2380 4043 2448 4095 N.

623 4124 667 4175 si
710 4121 996 4192 diligenter
1032 4119 1282 4191 fungatur
1322 4119 1538 4183 officio,
1585 4132 1646 4171 ut
1829 4126 1926 4184 46.
1956 4122 2143 4190 Quibus
2169 4140 2258 4173 vos
2282 4140 2356 4176 oc.
2385 4116 2654 4193 estisae’qui
2677 4140 2779 4174 vos

615 4203 672 4256 in
702 4203 873 4255 vicem
896 4200 1185 4255 alimonio
1171 4218 1283 4269 ipsa
1300 4212 1532 4253 curetur.
1552 4232 1632 4243 --
1745 4200 1976 4254 oculitus
1998 4212 2194 4254 amant.

1517 4312 1571 4365 q
