3067 5017
551 417 693 497 250
1278 461 1287 472 ,
1392 427 1866 512 RUDENS‚

551 573 751 619 DAEM.
804 553 892 620 At
936 550 1138 619 etiam
1174 550 1528 620 minitatur
1571 551 1808 621 audax.
1855 576 2064 622 LABR.
2118 557 2239 624 Jus
2283 578 2506 626 meum
2553 565 2712 628 ere?

846 675 1037 754 ptum
1054 658 1134 728 ’st
1177 661 1369 734 mihi.

548 771 736 839 Meas
763 771 931 839 mihi
961 769 1234 840 ancillas
1270 772 1485 842 invito
1522 798 1632 842 me
1663 774 1886 869 eripis.
1920 799 2178 846 TRACH.
2217 779 2401 872 Ergo
2439 779 2596 850 dato

541 884 647 950 De
684 896 919 952 senatu
954 885 1319 976 Cyrenensi
1346 883 1650 978 quemvis
1681 883 2077 980 opulentum
2113 887 2481 978 arbitrum,
2591 929 2594 936 ·

542 993 615 1062 Si
650 1007 797 1088 tuas
829 1017 969 1062 esse
1005 1008 1305 1086 oportet,
1340 995 1500 1064 nive
1534 1019 1647 1065 eas
1677 1019 1820 1064 esse
1859 1009 2130 1092 oportet
2166 992 2438 1083 liberm,

542 1103 716 1174 Nive
740 1118 807 1172 te
830 1103 899 1171 in
925 1128 1260 1172 carcerem
1285 1103 1607 1198 conpingi
1627 1119 1728 1173 est
1749 1129 2046 1199 aequom,
2069 1100 2465 1200 aetatemque
2492 1107 2587 1176 ibi
2645 1143 2697 1168 ιο

510 1217 637 1290 ,Te
665 1238 876 1308 usque
904 1213 1209 1283 habitare
1228 1270 1248 1302 ‚
1286 1213 1499 1284 donec
1538 1230 1756 1286 totum
1789 1239 2124 1284 carcerem
2156 1217 2572 1289 contriveriS.

544 1347 748 1393 LABR.
772 1327 927 1395 Non
952 1322 1155 1394 hodie
1172 1325 1278 1393 isti
1298 1325 1775 1419 reiauspicavi,
1791 1341 1868 1395 ut
1888 1351 2042 1395 cum
2071 1324 2388 1396 furcifero
2412 1326 2690 1397 fabuler.

536 1437 631 1503 Te
667 1458 791 1528 ego
828 1433 1115 1527 adpel10.
1155 1459 1349 1506 nAEM.
1387 1438 1564 1507 Cum
1600 1438 1770 1506 istoc
1804 1437 2138 1531 primum,
2169 1437 2288 1531 qui
2322 1452 2390 1508 te
2425 1440 2695 1533 gnovit,

835 1543 1125 1638 disputa.

533 1677 735 1724 Lanu.
799 1655 1052 1724 Tecum
1096 1681 1245 1750 ag0.
1301 1679 1564 1726 Tusca.
1633 1657 1844 1752 Atqui
1887 1683 2152 1729 mecum
2204 1657 2693 1752 agundum’ste

829 1780 1073 1834 suntne
1109 1765 1238 1835 illae
1272 1765 1529 1836 ancillae
1565 1767 1747 1838 tuae?

537 1899 747 1946 Lusa.
789 1879 983 1946 Sunt.
1023 1899 1285 1948 Tama.
1326 1877 1637 1980 Agedum
1675 1901 1872 1972 erge,
1921 1892 2124 1973 tange
2157 1878 2484 1950 utramvis
2521 1877 2692 1972 digi-

834 1985 978 2054 tulo
1016 1987 1321 2056 minumo
1358 1986 1588 2056 mod0.
2641 2005 2692 2044 ¹⁵

537 2119 740 2167 Lami.
797 2096 1023 2186 Quid,
1062 2098 1117 2166 si
1153 2097 1497 2192 adtigero?
1530 2120 1796 2168 TnAcH.
1839 2098 2229 2194 Extemplo,
2261 2096 2524 2187 hercle,
2563 2123 2691 2194 ego

836 2221 901 2275 te
942 2204 1165 2276 follem
1208 2207 1696 2306 pugilatorium

532 2318 797 2386 Faciam
817 2373 836 2408 ,
873 2332 942 2386 et
972 2317 1373 2414 pendentem
1407 2319 1766 2389 incursabo
1799 2318 2077 2415 pugnis,
2115 2319 2610 2414 perjurissume.

535 2452 739 2502 LABR.
776 2428 953 2500 Mihi
996 2454 1134 2498 non
1181 2426 1379 2499 liceat
1421 2454 1604 2501 meas
1642 2429 1919 2500 ancillas
1961 2429 2244 2499 Veneris
2287 2428 2368 2497 de
2413 2453 2528 2497 ara
2575 2427 2689 2497 ab·

566 2608 577 2616 ,
830 2539 1121 2609 ducere?

535 2674 733 2721 DAEM.
780 2650 940 2721 Non
978 2649 1181 2734 licet3
1220 2651 1313 2718 ita
1356 2664 1456 2719 est
1490 2649 1598 2720 lex
1633 2650 1816 2746 apud
1859 2675 2001 2718 nos.
2049 2672 2255 2719 Lami.
2309 2647 2484 2718 Mihi
2531 2673 2687 2717 cum

828 2762 1070 2832 vostris
1108 2759 1368 2855 legibus

532 2869 723 2942 Nihil
774 2887 876 2940 est
922 2873 1278 2942 conmerci.
1336 2871 1668 2967 Equidem
1725 2872 1882 2939 istas
1932 2869 2073 2963 jam
2131 2870 2364 2938 ambas
2405 2869 2688 2938 educam

829 2981 1027 3052 foraS.

617 3163 673 3213 6.
692 3158 786 3212 Ius
812 3176 963 3210 meum
976 3197 993 3221 ,
1014 3175 1129 3210 rem
1148 3158 1269 3228 jure
1289 3176 1485 3211 meam.
1656 3173 1972 3227 suspensum
1994 3146 2003 3160 ’
2040 3154 2234 3226 pugnis
2292 3155 2690 3212 insectabantur

618 3259 674 3310 9.
699 3237 758 3292 Sa·
780 3251 905 3300 tuas,
930 3249 1031 3291 etc.
1048 3238 1096 3290 1.
1123 3255 1170 3292 e.
1196 3237 1289 3310 qui
1311 3235 1571 3310 dijudicet
1655 3237 1876 3308 pugiles.
1895 3236 2122 3288 Tuum.

535 3335 750 3385 utrum,
782 3332 882 3372 etc.

622 3420 708 3456 10.
730 3399 976 3451 AEtatem.
1004 3397 1150 3452 Asin.
1170 3397 1227 3460 1,
1264 3414 1317 3460 1,
1348 3400 1403 3450 6.
1472 3437 1508 3457 ,.

620 3499 712 3534 12.
754 3469 1038 3548 Auspicaoi.
1081 3477 1205 3530 Non
1248 3474 1409 3528 hodie
1458 3475 1564 3529 hoc

531 3559 816 3616 consilium
845 3557 997 3630 cepi,
1018 3571 1099 3622 ut,
1122 3566 1223 3610 etc.
1248 3556 1507 3608 Tractum
1531 3574 1562 3607 a

532 3658 683 3696 more
714 3651 984 3701 veterum,
1020 3637 1113 3708 qui
1144 3635 1281 3690 nihil
1323 3635 1429 3687 nisi
1464 3652 1560 3688 au·

527 3723 733 3793 spicato
760 3717 1136 3790 suscipiebant.
1162 3717 1343 3768 Luun.

617 3817 641 3854 ι
656 3808 710 3863 4.
733 3801 927 3851 Tecum.
952 3799 1069 3850 Hoc
1091 3795 1159 3848 ad
1183 3797 1515 3848 Daemonem.

618 3883 707 3934 16.
751 3878 938 3930 Follem
976 3877 1348 3948 pugilatorium.
1395 3874 1560 3927 Follis

528 3959 883 4032 pugnatorius
900 3957 1009 4028 pila
1028 3969 1108 4012 est
1125 3956 1381 4020 coriacea,
1398 3967 1558 4007 vento

525 4039 809 4110 completa.
856 4037 1212 4108 Pugilatorius
1251 4047 1425 4088 autem
1472 4032 1556 4086 di·

524 4131 675 4179 ctus,
702 4115 853 4190 quod
879 4137 990 4172 non
1020 4115 1228 4190 palma,
1250 4115 1341 4170 sed
1367 4133 1556 4185 pugno

523 4199 871 4272 percutiatur.
926 4198 1193 4254 Caeterum
1253 4208 1304 4248 et
1365 4194 1548 4247 follem

1741 3336 1829 3370 no.
1874 3314 2063 3368 Ambus
2097 3315 2295 3367 educam
2320 3314 2487 3382 foras.
2515 3314 2688 3367 Multa

1654 3395 1760 3449 hoc
1803 3397 1922 3448 loco
1956 3394 2102 3448 docti
2126 3395 2228 3447 viri
2254 3395 2450 3447 frustra
2476 3394 2686 3446 labora-

1652 3488 1797 3540 runt,
1817 3494 1928 3548 quo
1951 3475 2090 3527 nihil
2112 3472 2448 3527 mutandum.
2471 3473 2686 3527 Scilicet

1651 3555 1822 3608 amba
1869 3554 2120 3607 mulieres
2161 3555 2217 3606 in
2261 3572 2352 3607 ara
2389 3552 2684 3619 sedebant,

1647 3654 1759 3688 non
1782 3635 1837 3687 in
1865 3635 2090 3706 publico
2111 3651 2223 3706 prae
2242 3633 2450 3686 foribus
2473 3634 2684 3704 templi,

1647 3716 1916 3780 utaiunt,
1957 3713 2048 3766 sed
2076 3715 2217 3769 intra
2250 3714 2445 3787 templi
2475 3727 2685 3784 septum

1647 3794 1875 3849 maceria
1917 3793 2063 3847 haud
2107 3794 2210 3848 alta
2261 3793 2516 3865 quidem,
2562 3812 2684 3864 qua:

1647 3875 1843 3928 sineret
1886 3874 2136 3928 mulieres
2181 3872 2386 3946 adspici
2435 3873 2687 3944 desuper,

1649 3951 2058 4008 circumdatum.
2112 3953 2286 4024 Igitur
2333 3954 2458 4006 leno
2505 3952 2682 4006 dicere

1648 4034 1826 4105 potuit
1874 4052 1991 4086 non
2039 4046 2240 4103 praeter
2287 4035 2552 4087 rationem
2597 4051 2682 4084 re-

1643 4132 1807 4168 rum:
1853 4139 1876 4162 ι
1902 4111 2130 4166 educam
2173 4114 2384 4168 foras».
2428 4111 2558 4166 Vid.
2603 4131 2679 4164 sc.

1643 4212 1763 4266 sup.
1797 4213 1873 4247 vs.
1905 4195 1993 4248 30.
2025 4195 2297 4250 DAcnnn.
