3067 5017
876 386 1217 456 ACTUS
1267 388 1336 470 1,
1391 385 1730 453 SCENA
1792 386 1891 451 11.
2319 379 2458 453 555

190 514 199 523 ’
315 510 527 596 detis,
562 509 646 578 ab
680 506 1044 602 aequalibus
1077 508 1457 578 dissentitis,
1503 510 1658 596 Dic,
1697 531 1944 601 quaese,
1983 505 2156 600 quid
2186 504 2461 599 placeat.

318 627 500 717 Ergo
527 619 896 689 secundum
926 621 1085 687 vitia
1110 634 1178 688 et
1207 644 1427 688 mores
1451 618 1620 713 quid
1644 618 1730 685 sit
1763 617 2127 686 tenendum
2151 669 2170 701 ,
2196 615 2456 685 discito·

317 735 656 827 Compara
690 730 1231 817 comessationes,
1258 731 1485 798 vinum
1506 782 1525 815 ,
1568 730 1798 797 turbas
1831 753 2072 821 respue
2101 754 2116 795 :
2160 752 2356 822 quem
2390 741 2466 795 tu

318 842 613 913 maxime
669 842 793 911 tibi
868 838 1172 935 obligare
1238 840 1528 909 volueris
1552 893 1570 923 ,
1627 842 1817 909 tan'to
1898 837 2110 907 levius
2190 838 2464 907 nectite.

318 956 707 1023 Conventus
757 975 947 1036 vern,
987 966 1055 1019 et
1103 950 1682 1031 dibacchationes,
1734 964 1800 1017 et
1847 950 1996 1042 joca
2039 946 2280 1016 frivola
2327 972 2468 1015 non

320 1088 584 1157 quaer0,
614 1076 690 1129 ut
718 1086 1011 1129 amorem
1040 1063 1335 1153 pariant-3
1368 1062 1624 1130 utinam
1655 1058 1825 1129 nihil
1851 1058 2161 1127 odiorum
2192 1051 2465 1125 darent!

322 1196 539 1255 QUER.
626 1171 814 1279 Quid
874 1170 1055 1265 quod
1114 1170 1341 1265 plures
1398 1170 1784 1265 hujusmodi
1843 1170 2158 1239 societate
2217 1167 2472 1260 optime

322 1282 663 1357 utuntur?
688 1307 829 1352 LAR
856 1306 1032 1352 EAM.
1067 1284 1244 1352 Novi
1278 1285 1540 1352 omnia:
1577 1282 1726 1351 illos
1755 1280 1922 1350 mihi
1954 1295 2026 1347 tu
2051 1302 2316 1365 narraS,
2353 1277 2476 1369 qui

322 1407 543 1461 totum
590 1390 983 1463 occultant:
1031 1393 1315 1462 nimium
1354 1392 1453 1465 vel
1497 1392 1863 1487 prudentes
1900 1388 2006 1459 vel
2049 1388 2273 1458 felices
2319 1400 2479 1455 sunt

322 1529 495 1599 quos
526 1503 848 1597 requiris:
878 1504 1005 1572 hoc
1031 1504 1118 1573 ad
1141 1502 1513 1593 Querolum
1546 1529 1681 1572 non
1703 1502 1880 1587 facit.
1907 1524 2120 1584 QUER.
2151 1502 2268 1567 Est
2293 1494 2479 1565 aliud

262 1620 269 1627 ’
322 1613 509 1709 quod
535 1638 861 1683 accusem.
884 1618 1149 1707 Pauper
1168 1639 1293 1708 ego
1329 1640 1477 1683 sum
1502 1614 1810 1707 quidem,
1841 1613 2010 1681 sicut
2037 1626 2110 1679 tu
2141 1608 2240 1679 vel
2262 1608 2478 1693 nosti,

323 1724 429 1793 vel
460 1725 660 1795 facis:
693 1725 806 1795 sed
834 1725 959 1794 hoc
998 1750 1261 1794 mecum
1293 1723 1640 1795 tolerabile
1664 1739 1786 1795 est.
1827 1722 2002 1792 Illud
2039 1745 2313 1815 prorsus
2339 1742 2476 1786 non

325 1833 510 1921 fer0,
554 1834 733 1928 quod
774 1836 1089 1904 tenuitati
1124 1860 1323 1907 nemo
1363 1836 1692 1931 ignoscit,
1736 1859 1954 1928 neque
1996 1834 2310 1925 cuiquam
2337 1884 2357 1913 .‚
2405 1841 2483 1897 ut

326 1943 625 2039 aliquem
678 1946 857 2015 dicat
909 1972 1271 2041 pauperem
1317 1972 1333 2015 :
1370 1946 1536 2042 quid
1581 1946 1946 2041 praeterea?
1983 1944 2102 2013 hui
2151 1955 2482 2043 quantum

327 2054 701 2148 adjiciunt!
748 2055 1140 2141 stultitiam,
1178 2056 1716 2152 neglegentiam,
1761 2058 2205 2129 somniumet
2239 2052 2486 2147 gulam.

329 2166 665 2234 Patientia
701 2167 1010 2254 desidiae,
1040 2168 1409 2237 acrimonia
1450 2166 1830 2235 crudelitati
1870 2166 2334 2261 adsignantur.
2377 2162 2487 2231 Sic

330 2290 689 2345 vertuntur
732 2279 1004 2347 omnia:
1050 2302 1248 2346 nemo
1294 2278 1381 2347 ad
1426 2277 1806 2363 facultateS,
1852 2303 2050 2347 nemo
2088 2276 2174 2345 ad
2209 2296 2486 2343 censum

332 2386 650 2481 respicit:
680 2412 946 2480 semper
978 2388 1161 2456 dives
1190 2387 1499 2483 diligens3
1539 2405 1774 2483 contra
1815 2413 2072 2481 pauper
2117 2384 2486 2479 negligens.

331 2520 472 2567 Lan
514 2522 685 2567 EAM.
718 2500 1127 2572 Censoribus
1159 2498 1301 2569 haec
1328 2524 1628 2583 reserva,
1665 2496 1982 2588 Querole.
2023 2499 2226 2566 Nunc
2266 2510 2493 2565 autem

334 2604 503 2675 illud
547 2606 751 2677 dicito
772 2662 793 2689 ,
829 2608 1013 2702 quod
1050 2608 1433 2704 specialiter·
1467 2624 1532 2679 te
1574 2610 1904 2716 inquietat
1930 2622 1994 2675 et
2027 2620 2281 2701 gravat.
2313 2606 2490 2673 Nam

337 2718 501 2804 ista,
545 2718 1120 2813 quaeaprotulisti‚
1152 2721 1525 2790 conmunia
1573 2735 1730 2789 sunt
1775 2735 1844 2788 et
1890 2718 2169 2811 antiqua
2206 2738 2493 2809 pauper·

338 2829 493 2897 tatis
528 2831 827 2899 crimina.
853 2834 1107 2900 Tamen
1132 2847 1445 2925 tuncque
1474 2832 1660 2901 dives
1693 2856 1910 2925 neque
1935 2852 2192 2924 pauper
2219 2851 2309 2895 es.
2343 2827 2492 2893 Hoc

340 2938 397 3008 si
440 2964 866 3033 agnosceres,
906 2941 1059 3011 felix
1094 2968 1261 3011 eraS.
1302 2968 1509 3027 QUER.
1550 2944 1781 3013 Scisne
1825 2966 1933 3009 me
1971 2963 2190 3032 nuper
2232 2950 2493 3029 patrem

342 3051 686 3121 amisisse?
740 3077 882 3122 ΕΑΒ
924 3078 1097 3123 FAM.
1152 3056 1445 3123 Servasti
1510 3067 1974 3148 praeceptum:
2023 3046 2315 3143 speciale
2368 3046 2501 3115 hoc

342 3160 544 3257 plane
583 3176 727 3231 est:
761 3163 891 3233 hoc
926 3180 1062 3252 est,
1098 3164 1285 3259 quod
1331 3166 1586 3235 nemini
1628 3164 1911 3233 antehac
1955 3160 2263 3253 contigit.
2310 3155 2502 3248 Quid

344 3272 601 3365 igitur?
626 3274 873 3343 Nonne
910 3275 1039 3343 hoc
1070 3275 1328 3368 justum
1368 3276 1531 3361 fuit,
1565 3275 1841 3342 bustum
1881 3287 1956 3341 ut
1994 3269 2259 3339 efferret
2285 3264 2508 3335 filius?

346 3406 559 3466 QUER.
622 3386 914 3453 Fateor:
968 3386 1083 3455 sed
1131 3402 1321 3480 pater
1376 3387 1517 3481 ipse
1559 3383 1729 3456 nihil
1789 3382 2088 3477 reliquit.-
2147 3404 2286 3449 LAR
2329 3400 2506 3447 FAM-

346 3496 543 3563 Dura
586 3492 1013 3589 deploratio:
1063 3498 1412 3591 exsequias
1450 3499 1686 3565 inanes
1729 3495 1854 3564 tibi
1894 3491 2253 3586 contigisse
2298 3487 2509 3583 luges,

346 3607 673 3677 Irasceris
697 3632 895 3702 erg0,
935 3634 1069 3676 non
1098 3607 1306 3681 doles,
1336 3610 1521 3683 Patri
1550 3622 1731 3681 certe
1761 3604 1930 3675 nihil
1961 3603 2216 3687 defuit,
2256 3599 2512 3692 tibique

352 3713 555 3783 hodie
595 3716 763 3809 nihil
798 3717 989 3809 defit.
1032 3722 1189 3787 Non
1226 3720 1407 3790 enim
1446 3719 1578 3791 hoc
1603 3742 1806 3813 parva
1836 3714 2212 3785 haereditas.
2233 3715 2517 3819 Succen-

368 3824 614 3893 sesne?
650 3828 849 3895 Senio
896 3827 1128 3897 saltem
1169 3844 1467 3901 extremo
1514 3830 1782 3898 sibimet
1828 3826 2033 3910 vixit,
2083 3822 2201 3915 qui
2253 3843 2516 3913 semper

356 3932 505 4003 tibi.
551 3936 839 4005 Utinam
902 3953 977 4007 tu
1028 3938 1410 4008 haeredibus
1459 3954 1722 4008 tantum
1775 3935 2157 4027 relinquas»,
2193 3944 2524 4024 quantum

358 4040 641 4137 reliquit
694 4047 952 4117 Euclio,
1011 4050 1141 4117 Dic
1190 4075 1361 4145 ergo
1402 4049 1614 4131 aliud,
1656 4049 1795 4141 jam
1843 4046 2040 4113 istinc
2087 4042 2258 4111 nihil
2291 4041 2517 4111 audio,

358 4174 571 4233 QUER.
606 4157 853 4227 Servus
882 4158 1043 4227 mihi
1069 4174 1203 4249 est,
1230 4185 1429 4253 quem
1458 4158 1747 4229 tolerare
1781 4181 2069 4251 neqneO,
2093 4150 2532 4227 Pantomalus
