3067 5017
643 382 785 509 San
1464 438 1966 523 STICHUS,

634 564 706 633 Si
744 584 861 631 rex
899 558 1192 628 obstabit
1224 559 1530 647 obviam,
1571 586 1794 655 regem
1831 562 2050 656 ipsum
2081 563 2271 656 prius
2311 566 2704 693 pervortito.

630 696 788 743 cm..
826 670 1173 761 Quidnam
1215 669 1471 753 dicam,
1508 671 1880 741 Dinacium
2735 694 2788 732 1⁵

621 780 1191 853 Lascivibundum
1238 795 1375 849 tam
1417 780 1726 850 lubenter
1761 780 2085 850 currere?
2435 848 2441 854 .

624 892 1094 964 Harundinem
1136 890 1304 978 fert,
1340 890 1844 987 sportulamque
1880 906 1948 960 et
1983 892 2332 963 hamulum
2370 892 2754 987 piscarium.

626 1028 774 1075 nm.
824 1002 955 1074 Sed
1000 1000 1311 1089 tandem,
1367 1004 1636 1097 opinor,
1667 1000 1973 1097 aequiu’st
2013 1002 2248 1072 heram
2288 1004 2382 1072 mi
2437 1029 2578 1072 esse
2619 1004 2784 1072 sub-

921 1109 1159 1205 plicem
1183 1163 1203 1196 ‚

628 1223 851 1316 Atque
884 1224 1186 1290 oratores
1229 1219 1493 1288 mittere
1530 1219 1612 1288 ad
1643 1245 1786 1307 me,
1822 1219 2134 1316 donaque
2169 1246 2249 1291 ex
2285 1246 2491 1311 aum,
2518 1236 2585 1291 et
2621 1246 2788 1316 qua-

916 1330 1141 1426 drigas

618 1440 759 1531 Qui
787 1440 1024 1509 vehar:
1061 1464 1219 1529 nam
1243 1438 1525 1531 pedibus
1553 1438 1649 1507 ire
1675 1464 1812 1509 non
1839 1464 2051 1533 queo:
2083 1464 2246 1535 ergo
2272 1441 2416 1533 jam
2446 1456 2774 1510 revortar.

616 1552 726 1621 Ad
763 1576 869 1619 me
906 1550 989 1618 iri
1021 1565 1087 1619 et
1122 1547 1485 1643 subplicari
1524 1565 1793 1642 egomet
1829 1550 1996 1617 mihi
2032 1574 2272 1619 censeo
2309 1574 2593 1646 aequom.

622 1664 731 1732 An
768 1686 927 1729 vero
958 1684 1171 1754 nugas
1202 1684 1467 1727 censeas
1490 1712 1509 1742 ‚
1549 1658 1719 1728 nihil
1756 1685 1898 1729 esse
1929 1659 2112 1755 quod
2151 1684 2276 1755 ego
2315 1686 2495 1730 nunc
2529 1660 2714 1729 scio?

622 1775 916 1843 Tantum
968 1795 1007 1839 a
1059 1783 1261 1864 portu
1312 1769 1600 1865 adporto
1637 1770 1933 1856 bonum,
1984 1784 2121 1839 tarn
2174 1770 2496 1865 gaudium
2546 1772 2782 1841 adfero

911 1880 1202 1975 grande,

610 1992 744 2062 Vix
776 1991 920 2084 ipsa
958 1988 1229 2058 domina
1266 1987 1433 2069 hoc,
1465 1988 1593 2056 nisi
1633 1990 1839 2075 sciat,
1878 2004 2204 2083 exoptare
2241 2014 2281 2059 a
2315 1987 2419 2060 dis
2454 1990 2721 2060 audeat.

610 2106 813 2175 Nunc
863 2097 1040 2170 ultro
1079 2098 1210 2167 hoc
1254 2096 1651 2191 deportem?
1695 2098 1876 2168 haud
1917 2098 2180 2193 placetr,
2234 2124 2459 2195 neque
2501 2099 2570 2167 id
2612 2124 2776 2168 vero

908 2208 1230 2303 opficium
1270 2208 1584 2277 arbitror.
2721 2234 2776 2271 2⁵

606 2320 774 2390 Heio
798 2318 931 2390 hoc
961 2319 1229 2388 videtur
1264 2319 1430 2386 mihi
1466 2319 1674 2413 magis
1710 2343 1858 2387 meo
1896 2321 2256 2389 convenire
2288 2320 2451 2389 huic
2485 2320 2759 2407 nuntio,

609 2430 989 2500 Advorsum
1018 2444 1094 2497 ut
1112 2429 1720 2516 veniat,obsecret‚
1747 2455 1814 2498 se
1839 2446 1913 2498 ut
1943 2434 2184 2501 nuntio
2219 2431 2348 2500 hoc
2374 2430 2761 2525 inpertiam.

610 2540 953 2610 Secundas
989 2540 1292 2609 fortunas
1331 2539 1571 2609 decent
1609 2540 1961 2634 superbiae.

610 2650 745 2721 Sed
779 2649 1049 2718 tandem
1073 2675 1281 2745 quom
1305 2651 1600 2744 recogito
1620 2704 1639 2737 ‚
1668 2649 1785 2743 qui
1804 2652 2026 2744 potuit
2061 2651 2230 2717 scire
2249 2649 2389 2718 haec
2417 2650 2586 2718 scire
2615 2675 2723 2718 me
2741 2652 2778 2720 Ξ)

612 2764 768 2834 Non
823 2761 1003 2829 enim
1055 2785 1364 2855 possum,
1412 2762 1577 2855 quin
1643 2776 1983 2846 revortar,
2048 2761 2211 2854 quin
2257 2758 2495 2854 loquar
2516 2814 2536 2848 ‚
2601 2760 2770 2854 quin

908 2869 1291 2938 edissertem
1306 2925 1326 2956 ,
2714 2892 2776 2930 30

610 2983 997 3073 Heramque
1023 3004 1104 3047 ex
1126 3003 1409 3047 moerore
1436 2980 1721 3049 eximam
1742 3033 1761 3065 ‚
1800 2979 2147 3049 benefacta
2180 2980 2512 3073 majorum
2540 3005 2769 3049 meum

615 3092 1003 3183 Exaugeam
1026 3141 1045 3173 ‚
1092 3102 1293 3183 atque
1330 3086 1513 3157 illam
1550 3113 1826 3183 augeam
1879 3115 1960 3158 ex
2005 3092 2348 3185 insperato
2380 3090 2770 3184 obportuno

905 3197 1129 3265 modo,

616 3307 1048 3381 Contundam
1078 3306 1251 3376 facta
1284 3304 1659 3401 Talthybii‚
1705 3278 2266 3403 contemnamque
2301 3308 2557 3377 omneis
2586 3330 2766 3375 nun-

910 3431 1079 3501 t10s;

699 3615 791 3672 14.
818 3608 943 3659 Rex.
971 3604 1057 3659 cf.
1084 3603 1223 3657 Rud.
1245 3604 1346 3667 IV,
1370 3622 1425 3669 α,
1448 3608 1542 3657 26.
1727 3624 1838 3658 esse
1861 3604 2010 3676 quod
2027 3624 2174 3659 nunc
2189 3606 2298 3660 scio
2314 3612 2338 3657 i>
2358 3606 2770 3659 Cemeas.Gene-

698 3706 723 3739 ι
734 3690 788 3741 6.
808 3682 1394 3738 ΒασσίνΐύαηάωηἙοι-ῐε
1414 3684 1643 3736 limbum-
1725 3683 1908 3739 taliter
1921 3684 2762 3752 dictnm3Gelasimumnonvidet.

610 3770 741 3821 dum.
774 3767 986 3819 Festus:
1013 3788 1035 3809 ιι
1053 3763 1415 3827 Lixabundus,
1440 3766 1544 3815 iter
1573 3764 1640 3815 li·
1812 3767 1905 3818 32.
1935 3766 2221 3837 Οὖρον-ωηο
2247 3767 2402 3820 modo.
2425 3766 2760 3831 Gulielnmn,

610 3850 739 3902 bere
770 3858 825 3899 et
852 3843 1060 3915 prolixe
1086 3842 1285 3895 faciens
1306 3868 1354 3895 n.
1374 3842 1556 3895 Scluv.
1726 3846 2110 3915 comprobante
2167 3845 2372 3899 editore
2410 3845 2764 3917 -Bipontino,

694 3944 779 3979 20.
808 3922 1095 3994 Qulvelzar.
1122 3922 1309 3975 Aulul.
1331 3922 1434 3985 111,
1460 3922 1514 3985 5,
1544 3924 1635 3977 28.
1699 3922 1702 3927 ’
1727 3938 1898 3978 mutat
1921 3944 1936 3977 ε
1970 3951 1992 3973 ι
2012 3942 2042 3977 a
2067 3938 2232 3996 portu
2259 3926 2404 3978 bono
2433 3950 2456 3972 ι
2480 3964 2495 3987 ,
2527 3924 2564 3977 i.
2587 3942 2642 3978 e.
2667 3940 2762 3976 n-

612 4007 863 4068 Revortar,
896 4001 1039 4055 unde
1061 4002 1212 4065 veni,
1257 4000 1324 4054 ad
1354 4014 1592 4072 portum.
1726 4022 1878 4074 geam
1906 4006 2058 4057 bono
2086 4004 2236 4075 quod
2266 4006 2432 4057 effero
2481 4012 2532 4055 a*
2557 4016 2760 4074 portin

692 4102 784 4139 21.
814 4084 907 4136 Ad
929 4102 1001 4134 me
1031 4085 1097 4133 iri
1119 4081 1351 4134 obviam.
1725 4102 1836 4137 non
1864 4086 1939 4137 ita
1965 4097 2291 4155 opportune,
2321 4098 2382 4137 nt
2404 4082 2635 4135 videtur.

692 4184 785 4217 υ.
814 4164 900 4217 An
921 4182 1058 4223 vero,
1079 4174 1177 4214 etc.
1201 4163 1285 4214 An
1313 4178 1524 4215 censeas
1551 4180 1637 4214 me
1811 4163 1904 4217 33.
1933 4164 2198 4235 Talthybii.
2223 4162 2542 4234 Talthybius
2565 4174 2619 4214 et
2642 4164 2755 4215 En·

602 4261 771 4317 nugas
796 4258 941 4298 nune
967 4241 1213 4309 effutire,
1251 4240 1453 4299 nullius
1477 4242 1638 4313 pretii
1723 4242 1970 4313 rybetes,
2021 4242 2202 4297 nuntii
2261 4256 2316 4297 et
2365 4260 2642 4315 precones
2695 4242 2755 4294 in
