3067 5017
591 453 730 524 272
1143 529 1146 534 Ι
1429 428 1914 511 RUDENS‚

483 617 510 625 -
591 573 858 621 TRAcu.
887 551 1150 644 Nempe
1179 549 1288 618 hic
1317 563 1474 618 tuus
1499 548 1643 618 est?
1662 573 1858 620 DAEM.
1892 551 2089 618 Meus
2122 564 2243 622 est.
2278 574 2534 623 TnAcn.
2564 557 2751 624 Istuc

886 660 1178 754 optime,
1214 659 1486 753 quando
1524 658 1667 729 tuu’
1671 674 1752 728 st.

597 796 792 842 DAEM.
820 771 1008 860 Quid
1042 771 1270 865 negoti
1282 770 1404 839 ’sti‘
1433 794 1700 840 TRACH.
1729 769 1859 839 Vir
1876 768 2192 887 scelestus
2230 768 2368 839 illic
2397 785 2515 841 est.
2552 795 2748 842 uAEM.

891 880 1080 970 Quid
1122 880 1282 950 fecit
1319 881 1445 949 tibi

595 992 722 1060 Vir
774 988 1130 1060 scelestus?
1174 1013 1441 1060 Tuaen.
1502 989 1782 1058 Homini
1846 1013 1971 1084 ego
2024 991 2134 1058 isti
2189 989 2359 1060 talos
2420 991 2755 1093 subfringi

890 1099 1070 1169 volo.

602 1235 791 1282 DAEM.
824 1210 1012 1302 Quid
1031 1225 1161 1296 est,
1181 1235 1314 1303 qua
1345 1209 1432 1278 de
1464 1235 1538 1279 re
1571 1208 1849 1305 litigatis
1883 1234 2066 1278 nunc
2097 1208 2273 1277 inter
2296 1208 2467 1279 vos?
2490 1233 2753 1282 TRACH.

892 1319 1213 1414 Eloquar.
2241 1375 2249 1383 .
2530 1379 2545 1394 ,
2705 1345 2755 1382 1ss

600 1456 788 1504 emp.
829 1436 978 1501 Imo
1010 1455 1138 1524 ego
1174 1427 1473 1522 eloquar.
1512 1453 1777 1500 Tuon.
1812 1431 1957 1524 Ego
1992 1431 2260 1524 opinor,
2288 1453 2431 1498 rem
2463 1429 2747 1500 facesso.

890 1563 1080 1611 emp.
1119 1537 1471 1632 Siquidem

601 1653 704 1721 Sis
739 1649 1059 1745 pudicus,
1080 1649 1242 1718 hinc
1273 1648 1577 1719 facessas
1611 1673 1801 1719 nam.
1831 1649 2078 1744 Gripe,
2110 1651 2413 1720 animum
2445 1651 2761 1736 advorte,

899 1785 976 1828 ac
1013 1773 1178 1828 tace.

603 1893 798 1942 Gmr.
861 1869 1048 1940 Utin'
1083 1870 1232 1938 istic
1286 1871 1473 1963 prius
1517 1868 1738 1938 dicat?
1788 1893 1981 1941 DAEM.
2028 1870 2208 1939 Audi
2252 1895 2269 1938 t
2334 1869 2609 1964 loquere
2662 1886 2760 1941 tu.

898 2004 1089 2051 amr.
1131 1977 1440 2049 Alienon'
1476 1981 1701 2074 priuS,

605 2092 833 2181 Quam
879 2105 998 2159 tuo
1039 2090 1227 2158 dabis
1276 2089 1704 2159 orationem?
1756 2082 2016 2162 numu.
2071 2095 2167 2161 Ut
2217 2093 2541 2186 nequitur
2590 2115 2760 2164 con-

900 2198 1135 2295 primi!
2712 2235 2765 2261 ω

605 2317 710 2382 Ita
745 2326 822 2380 ut
852 2311 1113 2405 obcoepi
1153 2311 1411 2400 dicere,
1452 2309 1644 2379 illum
1682 2335 1885 2403 quem
1928 2309 2191 2380 dudum

606 2425 950 2492 Lenonem
989 2422 1359 2509 extrusisti,
1395 2421 1543 2490 heic
1579 2421 1723 2514 ejus
1760 2420 2101 2508 vidulum,
2139 2417 2469 2492 eccillum.

607 2557 804 2604 GRIP.
825 2537 977 2606 Non
1003 2533 1246 2601 habeo.
1278 2555 1548 2602 TRAcu.
1581 2535 1808 2627 Negas
1828 2587 1847 2620 ,
1866 2532 2050 2628 quod
2074 2532 2287 2603 oculis
2307 2531 2548 2602 video?
2568 2557 2762 2604 omp.

905 2647 996 2713 At
1031 2668 1118 2710 ne
1153 2641 1384 2710 videas
1407 2695 1428 2729 ,
1461 2641 1689 2712 velim.

609 2755 872 2838 Habe0,
894 2777 1032 2820 non
1060 2753 1278 2820 habeo
1311 2778 1326 2820 ε
1355 2752 1521 2846 quid
1550 2769 1623 2820 tu
1654 2777 1759 2821 me
1782 2778 1979 2822 curas
1999 2808 2020 2839 ,
2046 2753 2213 2846 quid
2242 2779 2467 2824 rerum
2493 2754 2767 2850 geram?

606 2881 866 2935 rama.
937 2862 1300 2952 Quomodo
1337 2864 1620 2952 habeas,
1674 2862 1845 2932 illud
1896 2864 2129 2952 refert,
2162 2863 2407 2960 jurene
2452 2892 2630 2946 anne
2676 2869 2770 2934 in-

897 2997 1097 3066 juria.
1223 3005 1249 3026 >
2718 3004 2767 3041 25

615 3109 805 3156 amr.
856 3085 950 3167 Ni
984 3085 1184 3152 istum
1218 3084 1401 3177 cepi,
1444 3083 1633 3154 nulla
1670 3109 1870 3154 causa
1918 3101 2017 3154 est
2053 3087 2220 3180 quin
2270 3111 2379 3155 me
2428 3087 2770 3156 condones

908 3195 1138 3264 cruci.

615 3309 681 3378 Si
737 3309 806 3375 in
864 3306 1031 3374 mari
1087 3304 1211 3372 reti
1264 3304 1716 3399 adprehendi,
1764 3305 1886 3400 qui
1936 3321 2129 3376 tuum
2182 3307 2373 3401 potiu
2380 3308 2497 3392 ’,εἰ
2563 3332 2770 3401 quam

911 3412 1192 3482 meum?

705 3618 795 3670 15.
831 3614 982 3668 Talos
1015 3614 1281 3683 subfringi.
1323 3614 1482 3668 Conf.
1521 3610 1645 3668 Mil.
1737 3611 1957 3668 difficile
1985 3627 2063 3668 est
2098 3615 2335 3686 Gripum
2365 3614 2727 3684 comprimere
2756 3616 2771 3667 !

617 3701 700 3761 ΙΙ,
729 3718 790 3760 2.,
824 3715 875 3749 1.
1738 3692 2169 3764 Vid.Amph.I,
2204 3714 2255 3760 1,
2288 3714 2416 3764 ¹9²·

709 3795 798 3846 17.
851 3776 994 3844 Ego,
1044 3777 1238 3845 opinor,
1291 3793 1388 3826 rem
1430 3775 1644 3841 facesso.
1825 3794 1915 3830 21.
1941 3775 2087 3828 [llum
2112 3795 2267 3847 quem,
2296 3787 2397 3828 etc.
2421 3775 2505 3828 De
2528 3775 2633 3828 hoc
2661 3774 2779 3826 hel-

621 3860 754 3910 Rem
779 3874 908 3926 ago,
940 3865 1086 3907 actor
1107 3871 1245 3916 sum,
1281 3867 1340 3907 tu
1368 3852 1646 3920 defensum
1737 3855 1964 3908 lenismo
1995 3853 2113 3908 vide
2141 3854 2395 3908 Bacchid.
2426 3855 2529 3920 IV,
2571 3850 2643 3922 9³,
2682 3873 2703 3908 1
2722 3872 2778 3921 1,

591 3955 752 4006 .ergo
779 3953 958 3988 meum
990 3945 1068 3988 est
1092 3933 1285 4002 prioris
1313 3933 1483 4004 loqui.
1738 3947 1791 3990 et
1823 3936 1970 3988 Men.
1996 3935 2082 3999 11,
2121 3953 2149 3987 2
2168 3974 2184 4000 ,
2218 3933 2311 4005 37.

712 4018 801 4070 18.
823 4013 904 4066 Sis
926 4013 1166 4084 pudicus,
1201 4010 1258 4065 id
1287 4025 1395 4076 est,
1417 4013 1462 4066 si
1485 4032 1646 4085 quem
1820 4019 1913 4070 26.
1958 4015 2117 4068 Nulla
2166 4033 2313 4067 causa
2358 4025 2433 4066 est
2476 4017 2628 4084 quin,
2670 4026 2777 4066 etc.

622 4097 816 4169 habeas
840 4092 1119 4164 pudorem.
1143 4091 1294 4146 Trin.
1318 4093 1428 4156 111,
1454 4112 1505 4144 2.
1736 4094 1862 4148 Non
1914 4112 2101 4148 recuso
2149 4113 2237 4148 me
2286 4095 2433 4147 cruci
2480 4092 2667 4164 adfigi,
2721 4105 2781 4146 te

708 4195 793 4230 2ο.
835 4175 904 4227 Ue
931 4175 1153 4242 nequitur
1177 4176 1442 4243 conprimi!
1467 4174 1645 4239 Quam
1707 4187 1973 4228 ·auctore.
