3067 5017
872 418 1213 490 Ac‘rus
1264 420 1427 505 111,
1479 419 1833 488 SCENA
1885 421 1992 489 ιι.

2365 426 2506 520 4⁰7

351 547 461 614 Ne
478 539 833 612 scintillam
864 543 1135 636 quidem
1158 540 1515 636 relinqueS‚
1539 567 1748 638 genus
1763 542 1880 637 qui
1901 543 2270 638 congliscat
2286 559 2504 615 tuum.

350 679 539 724 IAESB.
576 650 898 722 Facile’st
934 654 1249 722 inventu:
1292 651 1491 748 datur
1530 654 1706 748 ignis
1736 707 1755 742 ‚
1793 657 2059 724 tametsi
2097 656 2182 724 ab
2221 657 2512 726 inimicis

650 778 857 856 petas.

356 871 487 942 Sed
511 888 585 940 tu
618 872 985 965 objurgans
1022 897 1130 941 me
1154 898 1193 940 a
1231 875 1552 966 peccatiS‚
1580 873 1758 966 rapis
1785 873 2185 944 deteriorem
2215 877 2286 944 in
2308 876 2506 946 viam.
2604 933 2614 945 .

358 985 578 1050 Meam
623 984 719 1050 vis
767 1007 1063 1050 sororem
1103 983 1224 1051 tibi
1266 983 1455 1070 dem3
1496 983 1735 1061 suades
1777 985 1922 1051 siue
1970 984 2172 1054 dote:
2205 985 2338 1055 hoc
2371 1012 2512 1058 non

650 1093 963 1160 convenit
980 1118 1001 1175 ;

2459 1119 2511 1161 5⁵

352 1206 503 1284 Me,
538 1203 655 1293 qui
684 1202 935 1270 abusus
964 1226 1111 1270 sum
1131 1214 1387 1270 tantam
1416 1227 1554 1270 rem
1578 1203 1866 1296 patriam
1885 1257 1905 1290 ‚
1934 1228 2140 1298 porro
2163 1207 2236 1272 in
2263 1206 2514 1274 divitiis

356 1315 554 1398 Esse,
606 1337 981 1406 agrumque
1020 1313 1299 1400 habere,
1344 1338 1542 1408 egere
1595 1311 1778 1382 illam
1821 1329 2080 1401 autem,
2123 1331 2200 1384 ut
2235 1341 2342 1384 me
2376 1341 2512 1385 me-

652 1425 781 1491 rito
826 1423 1067 1493 oderit.

354 1536 719 1628 Nunquam
750 1535 878 1602 erit
916 1534 1147 1604 alienis
1184 1535 1440 1630 graviS‚
1468 1537 1585 1630 qui
1617 1535 1754 1604 suis
1783 1561 1852 1604 se
1887 1537 2248 1605 concinnat
2275 1536 2507 1607 levem.

356 1645 545 1712 Sicut
582 1644 751 1726 dixi,
786 1644 1065 1731 faciam3
1104 1645 1262 1714 nolo
1297 1661 1361 1713 te
1392 1647 1634 1739 jactari
1676 1645 1950 1716 diutius.

359 1777 506 1822 LYS.
540 1758 759 1823 Tanto
788 1753 1071 1824 meliu’st
1102 1770 1169 1824 te
1204 1756 1451 1824 sororis
1484 1781 1683 1824 causa
1715 1773 2077 1852 egestatem
2107 1761 2412 1852 exsequi,
2455 1781 2508 1820 c·-

359 1865 583 1957 Atque
630 1889 783 1932 eum
829 1890 1068 1960 agrum
1126 1892 1232 1934 me
1274 1866 1773 1968 habere-quam·
1809 1883 1903 1956 te,
1945 1884 2060 1938 tua
2100 1869 2220 1964 qui
2270 1869 2512 1940 toleres

650 1976 897 2043 moenia
929 1973 969 2043 Ρ·

360 2111 547 2156 mss.
598 2087 773 2159 Nolo
816 2113 944 2182 ego
978 2087 1143 2156 mihi
1185 2104 1251 2157 te
1290 2095 1427 2156 tam
1475 2089 1890 2184 prospicere,
1947 2089 2065 2184 qui
2101 2113 2315 2158 meam
2361 2115 2512 2185 ege·

653 2213 888 2268 statem
937 2197 1112 2268 leves
1132 2253 1152 2286 ‚

357 2321 395 2374 i.
439 2341 485 2374 e.
540 2321 823 2393 pecuniam
883 2334 1073 2373 mutuo
1134 2334 1381 2374 sumtum.

354 2435 438 2444 —
468 2403 602 2455 Cati.
648 2402 873 2454 Putabat
919 2401 1151 2454 Alciatus
1200 2414 1337 2454 catus
1365 2441 1379 2462 ‚

353 2481 545 2534 extrito
586 2483 649 2546 Ρ,
685 2499 965 2552 usurpasse
1000 2481 1247 2534 Plautum
1281 2483 1385 2534 hoc

350 2561 495 2624 locu,
516 2581 617 2632 pro
642 2573 833 2630 captus,
854 2561 1010 2613 metri
1028 2579 1208 2614 causa:
1232 2561 1385 2632 quod
1424 2557 1431 2562 ¹

352 2641 576 2706 minime
605 2649 1023 2711 verumputem.
1057 2641 1237 2706 Quum
1270 2661 1381 2694 non

350 2719 505 2774 aliter
554 2733 714 2773 catum
755 2716 845 2772 hic
892 2718 1087 2772 dixerit
1141 2722 1381 2786 Plautus,

354 2820 514 2873 quam
548 2802 604 2852 in
634 2799 894 2872 Epidion,
915 2801 1164 2852 consilium
1196 2813 1384 2866 catum,

268 2927 273 2936 ,.
293 2918 297 2923 -
352 2893 444 2940 aut
470 2881 697 2945 Ennius,
716 2891 826 2934 cata
844 2879 975 2931 dicta
995 2900 1013 2932 .-
1037 2879 1183 2951 quod
1209 2882 1383 2933 Varro

262 2965 291 3040 Γ
324 2961 735 3030 ’interpretatur
762 2971 925 3013 acuta.
956 2958 1117 3012 Unde
1150 2973 1203 3012 et
1232 2961 1385 3014 Cato-

217 3054 226 3061 ·
258 3045 270 3056 ‘
354 3043 431 3092 nis
452 3060 649 3092 nomen
675 3042 891 3093 factum.
918 3041 1185 3093 Vossms.'

438 3120 532 3174 53.
554 3119 725 3172 Facile
749 3122 811 3171 'st
829 3123 1037 3172 inventu.
1056 3119 1172 3174 Hoc
1187 3121 1387 3172 Lesbo-

354 3200 465 3252 nici
496 3219 809 3270 responsum
850 3205 918 3252 ad
946 3201 1253 3270 paroemiam
1288 3211 1388 3269 tra·

354 3279 593 3332 bendum
648 3299 661 3330 τ
740 3280 979 3333 :Altera
1053 3297 1213 3332 manu
1280 3280 1385 3332 fert

356 3378 579 3438 aquam,
609 3360 776 3412 altera
820 3361 997 3430 ignem
1034 3385 1081 3412 a.
1124 3360 1385 3426 Quamvis

354 3441 503 3492 enim
537 3439 647 3492 hoc
689 3439 869 3493 dicere
918 3439 1165 3492 videatur
1216 3439 1383 3492 comi·

356 3538 477 3585 cus,
502 3517 680 3588 ignem
707 3520 866 3572 etiam
892 3520 993 3572 ab
978 3519 1210 3572 inimicis
1228 3532 1381 3572 uten-

355 3597 483 3651 dum
518 3600 656 3651 sumi
686 3601 886 3663 solere,
908 3598 977 3651 ad
1010 3599 1176 3668 frigus
1204 3599 1385 3652 defen-

354 3677 628 3744 dendum3
654 3678 800 3731 aliud
831 3692 1009 3732 tamen
1039 3678 1383 3731 dissimulan-

355 3770 439 3811 ter
476 3758 653 3811 innuit
687 3777 701 3810 :
742 3759 1036 3820 nimirum,
1081 3759 1123 3811 si
1153 3759 1273 3830 quis
1305 3759 1385 3812 rei

354 3837 525 3905 iratus
564 3857 711 3903 suae,
746 3856 871 3891 cum
898 3840 1115 3891 Venere
1154 3841 1249 3892 ista
1293 3839 1389 3892 Ti-

325 3917 629 3983 ·huiliana,
664 3935 853 3972 messes
890 3918 1125 3989 privatas
1166 3918 1391 3970 combu-

356 4009 501 4064 stum
549 3997 628 4049 ire
678 3998 840 4064 velit,
883 3998 931 4050 ei
974 4016 1140 4069 porro
1181 3999 1389 4050 homini

1478 2323 1548 2375 ab
1595 2321 1980 2376 inimicissimis
2035 2323 2106 2376 sit
2151 2322 2401 2394 petenda.
2461 2325 2512 2376 A

1478 2402 1672 2472 quibus
1713 2401 1844 2473 quid
1899 2404 2093 2456 mirum
2137 2403 2183 2455 si
2215 2403 2381 2456 ardor
2419 2404 2513 2457 ille

1479 2482 1777 2534 Vnicauius
1837 2483 2126 2552 impetratu
2194 2483 2476 2538 facillimus
2497 2523 2514 2550 ,

1479 2580 1640 2632 quem
1681 2561 1785 2614 hoc
1823 2581 1990 2634 genus
2034 2581 2195 2614 manu
2236 2578 2511 2634 promtum

1478 2641 1690 2713 gestitat
1719 2641 1926 2695 assidue
1953 2661 1968 2694 z
2005 2642 2078 2704 qb
2105 2636 2314 2696 causam
2343 2661 2508 2713 quam

1478 2721 1742 2793 exposuit
1781 2741 1891 2792 non
1927 2722 2055 2775 item
2094 2720 2162 2774 de
2211 2741 2380 2794 aqua,
2415 2725 2511 2793 qui

1478 2801 1788 2854 incendium
1818 2790 2128 2873 restinguas.
2155 2803 2227 2854 Et
2251 2803 2367 2854 haec
2394 2821 2512 2872 ger-

1478 2900 1633 2934 mana
1656 2893 1735 2934 est
1757 2881 2038 2953 paradoxae
2061 2883 2219 2953 hujus
2241 2883 2512 2934 sententia

1478 2961 1800 3025 declaratio,
1833 2961 2102 3033 quidquid
2141 2961 2325 3014 dicant
2352 2962 2515 3016 inter-

1478 3055 1673 3112 pretes.
1703 3039 2328 3113 Donum-Simplicior
2353 3039 2513 3096 datur

1478 3120 1780 3183 enarr-atie,
1821 3121 1867 3174 si
1905 3135 2120 3193 reputas
2154 3121 2510 3174 Lesbonicum

1474 3201 1606 3270 ipsis
1623 3200 1778 3252 amici
1801 3201 1980 3254 verbis
2001 3201 2238 3255 alludere
2263 3201 2514 3254 minantis

1477 3299 1548 3333 ne
1593 3279 1874 3333 scintillam
1929 3281 2148 3352 quidem
2197 3281 2512 3352 superfutu-

1475 3379 1610 3413 ram.
1641 3361 1709 3413 N.

1561 3440 1656 3504 54.
1691 3440 2002 3510 Objurgans,
2051 3439 2201 3510 quasi
2237 3437 2514 3493 deterrens

1472 3519 1650 3588 jurgio
1675 3538 1702 3571 a
1732 3519 1979 3590 peccatis.

1563 3599 1652 3653 58.
1675 3601 1937 3670 Nunquam
1959 3602 2078 3660 erit,
2120 3611 2222 3651 etc.
2247 3597 2406 3651 Levis
2436 3611 2520 3651 est

1475 3680 1677 3732 nullius
1707 3680 1866 3750 pretii
1900 3680 2082 3731 homo.
2111 3651 2738 3747 Menaech.111„5'⁴‘³²

1483 3779 1556 3824 2,
1607 3761 1727 3814 23·

1478 3852 1533 3892 et
1558 3839 1901 3909 nequissume
1925 3865 1946 3886 a
1970 3877 1988 3903 ,
2009 3837 2306 3908 opponitur
2335 3836 2536 3910 gravi„

1478 3921 1660 3989 magni
1688 3917 2014 3971 aestimando.
2040 3917 2110 3969 N.

1567 4003 1662 4052 61.
1697 3999 1808 4050 Tua
1836 4005 1927 4067 qm*
1941 3998 2328 4049 toleres-moenia.
2351 3993 2521 4048 Unde

1775 3759 1998 3812 «levior
2024 3758 2239 3830 pluma,
2267 3753 2533 3828 pessume

359 4078 579 4128 ustriuae
652 4076 923 4148 ejusmodi
1004 4077 1393 4131 concinnandae
1484 4090 1577 4130 tua
1605 4081 1794 4138 munia,
1817 4090 1878 4130 ut
1901 4077 1994 4130 atii
2015 4077 2118 4147 leg.
2141 4075 2320 4128 civiti·
2342 4076 2523 4141 obesis,

362 4157 641 4208 materiam
680 4157 833 4210 nullo
869 4176 1105 4230 unquam
1156 4170 1397 4229 tempore
1486 4168 1682 4210 statum
1709 4157 1923 4210 tuearis.
1957 4157 2096 4210 Nam
2127 4155 2223 4228 qui
2248 4155 2427 4218 bouis.
2435 4173 2576 4240 esi-7.

361 4233 701 4290 defuturam·
686 4272 703 4300 ‚
740 4237 949 4292 etiamsi
978 4249 1169 4291 mutuo
1195 4237 1287 4292 illa
1314 4237 1399 4291 vel
1489 4251 1574 4290 ret
1591 4271 1606 4300 ,
1637 4238 1811 4310 capite
1837 4237 2151 4291 deminutus
2176 4249 2271 4290 est.
