3067 5017
883 425 1218 494 ACTUS
1281 427 1414 512 IV,
1467 426 1793 494 SCENA
1860 428 1914 491 I.
2324 429 2455 514 341

321 546 537 635 Quasi
574 570 700 640 ego
747 569 928 614 nunc
975 545 1096 614 tibi
1147 542 1320 616 dido.
1359 569 1629 616 PAMPH.
1664 546 1989 616 Ausculto
2016 603 2035 637 ,
2082 565 2281 643 atque
2320 553 2467 618 ani·

609 679 794 722 mum
833 654 1114 724 advorto
1151 655 1402 726 sedulo.
1792 741 1801 754 Ι
2240 695 2245 700 ·
2419 688 2470 727 40

333 789 494 833 AN‘r.
530 769 676 857 Ego
698 765 820 831 tibi
849 763 1068 833 meam
1097 764 1305 834 filiam
1329 821 1348 852 ,
1375 768 1549 834 bene
1574 765 1845 859 quicum
1880 766 2249 856 cubitat-es,
2280 769 2465 840 dedi:

323 877 524 955 Nunc
566 873 732 942 mihi
770 873 960 942 reddi
1003 901 1128 970 ego
1170 901 1431 970 aequom
1475 901 1615 944 esse
1653 875 1771 943 abs
1813 891 1913 963 te,
1960 877 2234 971 quicum
2279 881 2465 949 cubi-

617 1000 788 1066 tem,
827 1009 1086 1053 censeo.

322 1113 599 1162 ΡΑΜΡΗ.
641 1095 813 1183 Quis
859 1094 1028 1162 istuc
1071 1095 1279 1164 dicit?
1321 1121 1407 1164 an
1467 1093 1577 1163 ille
1636 1096 1825 1190 quasi
1878 1096 1991 1164 tu?
2048 1121 2209 1166 ΑΝΤ.
2250 1100 2462 1187 Quasi

614 1229 740 1303 ego
779 1229 960 1273 nunc
1001 1205 1150 1274 dico
1189 1207 1376 1274 tibi.

324 1315 472 1380 Imo
513 1310 678 1382 duas
715 1313 888 1381 dabo
914 1367 934 1400 ,
967 1315 1189 1408 inquit
1227 1314 1336 1383 ille
1367 1314 1791 1401 adulescens,
1830 1342 1964 1384 una
2006 1317 2060 1384 si
2102 1317 2466 1407 parum’st3

318 1425 409 1490 Et
444 1423 497 1490 si
535 1422 822 1491 duarum
865 1424 1244 1516 poenitebit,
1283 1425 1547 1518 inquit,
1587 1424 1918 1492 addentur
1956 1425 2125 1494 duae.
2404 1450 2460 1494 4⁵

321 1555 592 1600 PAMPH.
625 1533 796 1622 Quis
837 1534 1042 1618 istuc,
1095 1537 1366 1628 quaeso?
1409 1561 1496 1601 an
1533 1533 1684 1621 ille,
1747 1535 1933 1656 quasi
1984 1536 2154 1628 ego?
2200 1542 2467 1606 1215*sz

612 1644 778 1736 ipse,
809 1646 998 1736 quasi
1035 1659 1129 1712 tu.
1157 1647 1332 1714 Tum
1371 1667 1577 1713 senex

319 1750 474 1838 llle,
517 1753 711 1846 quasi
746 1777 902 1844 ege,
941 1754 992 1820 si
1029 1755 1164 1837 vis,
1204 1754 1454 1848 inquit,
1491 1768 1785 1846 quatuor
1828 1779 1982 1821 sane
2027 1752 2218 1840 dato,

319 1864 503 1929 Dum
532 1861 872 1953 equidem,
908 1861 1131 1931 hercle
1154 1857 1389 1958 ‚quod
1425 1863 1631 1932 edant
1667 1861 1905 1974 addas,
1936 1889 2161 1931 meum
2198 1889 2282 1930 ne
2313 1889 2467 1932 con-

612 1988 921 2041 truncent
959 1974 1207 2042 cibum.

321 2105 590 2154 ΡΑΜΡΗ.
611 2080 937 2151 Videlicet
972 2107 1248 2175 parcum
1284 2084 1470 2151 illum
1513 2085 1715 2152 fuisse
1750 2110 1997 2167 senem,
2026 2085 2143 2176 qui
2180 2083 2462 2152 dixerit:

321 2194 662 2282 Quoniam
692 2190 801 2258 ille
831 2190 926 2259 illi
953 2189 1326 2286 pollicetur,
1345 2196 1462 2288 qui
1489 2217 1643 2262 eum
1676 2195 2335 2288 cibumpoposcerit.
2369 2202 2377 2211 '
2412 2214 2462 2252 ⁵0

317 2327 482 2374 ΑΝΤ.
555 2301 884 2370 Videlicet
933 2302 1394 2372 fuisse-illum:
1428 2327 1715 2397 nequam
1764 2302 2289 2382 adulescentem,
2344 2304 2460 2395 qui

611 2410 851 2493 inlic0,
1357 2440 1362 2448 ¹
1395 2409 1406 2472 ἵ
1850 2416 1877 2440 ⁸
1927 2501 1932 2507 .

317 2523 457 2592 Ubi
496 2521 606 2590 illc
645 2523 894 2618 poscit,
941 2521 1286 2616 denegavit
1326 2549 1392 2590 se
1431 2521 1590 2591 dare
1630 2547 1910 2618 granum
1944 2522 2145 2590 tritici
2177 2549 2192 2589 ε

321 2631 594 2718 Hercle,
627 2633 784 2725 quia
818 2657 1078 2725 aequom
1113 2621 1494 2726 postulabat
1529 2631 1640 2700 ille
1673 2656 1891 2716 seneX,
1920 2630 2459 2724 quandoquidem

316 2743 495 2854 Filiae
535 2742 664 2812 illae
703 2743 973 2851 dederat
1009 2742 1267 2830 dotem,
1300 2743 1607 2836 adcipere
1651 2767 1773 2835 pro
1817 2741 2114 2809 tibicina.

315 2835 593 2924 Pamin.
637 2851 917 2942 Hercle,
923 2840 1058 2922 ille
1109 2798 1377 2948 quidem
1418 2867 1603 2922 certo
1652 2851 2035 2920 adulescens
2081 2850 2273 2919 docte
2310 2875 2466 2919 vor-

590 2979 800 3032 sutus
837 2963 1022 3048 fuit,
2417 2981 2465 3022 ⁵⁵

317 3073 458 3159 Qui
498 3073 636 3140 seni
680 3071 773 3139 il'li
813 3073 1256 3140 concubinam
1296 3072 1454 3140 dare
1498 3073 1791 3140 dotatam
1834 3069 2070 3139 noluit.

317 3208 481 3254 ANT.
523 3185 740 3252 Senex
778 3180 1050 3322 quidem
1095 3181 1338 3270 voluit,
1383 3183 1436 3252 si
1475 3198 1701 3277 posset
1742 3179 2049 3275 indipisci
2091 3180 2173 3247 de
2215 3181 2407 3248 cibo:

401 3374 1302 3444 45.Pc‘enicebie.Mil.111,1,1455.
1429 3378 1581 3451 qnod
1620 3379 1831 3430 dixeint
1874 3377 2363 3447 Phamphilippus.
2414 3391 2467 3432 et

403 3464 494 3528 4’.9
527 3457 791 3512 Videlicet
805 3455 1100 3522 Λείας-ΠΙ,
1109 3459 1178 3518 3,
1207 3477 1266 3527 9:
1430 3460 1569 3512 hane
1605 3459 1920 3530 particulam
1970 3475 2083 3510 non
2130 3475 2340 3525 semper
2380 3457 2464 3510 in-

402 3539 486 3592 50.
548 3542 794 3609 Quoniam·
827 3541 910 3590 me
954 3541 1061 3591 ilii
1049 3539 1340 3613 pollicetur,
1429 3541 1623 3592 choare
1647 3539 1941 3590 orationem
1966 3555 2127 3607 supra
2150 3537 2467 3590 notavimus.

315 3620 570 3689 quoniam
598 3619 689 3670 itte
715 3611 1015 3671 adolescens
1041 3617 1341 3710 pollicetur,
1417 3619 1617 3671 (ἔκαιε.

319 3697 410 3750 dat
433 3699 582 3750 ulti-o
601 3694 953 3768 mulieressilli
990 3699 1102 3750 seni
1129 3696 1220 3767 qui
1245 3715 1345 3766 po·
1518 3697 1887 3766 64.Ad01·pm
1906 3715 1999 3766 pro
2029 3695 2247 3748 tibicina.
2281 3689 2467 3759 Quum

319 3778 552 3848 pos'eerit
580 3778 778 3830 eibum.
802 3775 986 3829 Douza
1001 3778 1202 3828 vult:-
1221 3779 1348 3842 Qui,
1435 3777 1595 3829 veliet
1614 3777 1859 3846 accipere
1882 3774 2179 3839 cibaria‚.ut
2199 3775 2315 3844 ipse
2336 3793 2461 3828 cum

319 3856 594 3928 quomodo
618 3854 678 3909 fit
704 3893 719 3919 ‚
759 3870 994 3909 ut'senex
1017 3860 1138 3908 eu‘m
1165 3857 1351 3908 cibum
1439 3856 1550 3914 fllia
1574 3856 1753 3908 dotem
1780 3853 2023 3918 dederat,
2052 3873 2261 3924 aequum
2286 3867 2467 3926 postu·

325 3933 666 4006 poposcerit?
687 3963 738 3996 ι,
1423 3936 1607 3989 dabat.
1628 3936 1693 3986 N.

405 4015 498 4069 51.
520 4015 916 4082 Videlicetsuisse
929 4016 1084 4068 iilum.
1101 4014 1196 4066 MS
1213 4027 1355 4066 uter·
1505 4014 1623 4082 ·.57
1662 4013 1866 4077 Voluit,
1910 4012 1950 4065 i.
1986 4031 2033 4065 e.
2078 3981 2380 4077 maluisset,
2420 4012 2468 4066 si

318 4111 466 4164 que:
502 4095 744 4148 Videlicet
777 4089 882 4148 'non
915 4095 1090 4164 fuisse.
1143 4095 1349 4146 Forte:
1443 4105 1653 4165 posset,
1690 4050 1945 4161 indipisci
1982 4092 2182 4163 puellas
2216 4092 2283 4146 de
2313 4093 2479 4155 ciba,

324 4172 580 4234 Videlicet·
604 4178 698 4228 imo
708 4173 880 4241 fuisse.
913 4174 1145 4245 Con-igit
1179 4172 1323 4227 euim
1337 4210 1350 4232 ,
1445 4173 1484 4226 i.
1501 4192 1557 4240 e.
1581 4191 1713 4226 cum
1726 4170 1994 4227 alimonia.
