3067 5017
588 415 731 514 398

1364 417 1970 501 TRINUMUS,

585 565 777 612 uase.
813 540 1199 612 Consuadet
1231 539 1489 610 homini
1513 596 1533 628 ‚
1577 540 1817 629 credo;
1851 542 1976 610 etsi
2017 537 2332 611 scelestus
2364 555 2499 630 est,

574 655 665 722 At
698 651 864 718 mihi
899 649 1185 718 infidelis
1220 675 1359 718 non
1402 666 1523 720 est.
1567 675 1751 721 s'rss.
1791 652 1970 721 Audi
2009 667 2268 721 caetera.

577 764 739 831 Post
774 761 875 848 id,
913 760 1231 830 frumenti
1260 785 1465 854 quom
1502 759 1666 830 alibi
1704 765 1932 831 messis
1965 787 2278 832 maxuma
2296 762 2420 851 ’st‚

582 873 831 943 Tribus
870 874 1071 940 tantis
1108 870 1244 940 illei
1282 873 1507 941 minus
1544 872 1751 958 redit,
1797 897 1998 966 quam
2043 873 2402 942 obseveris.

583 1007 703 1054 ΡΗ.
758 988 959 1068 Hem,
1007 984 1193 1052 isteic
1239 997 1510 1078 oportet
1547 984 1770 1052 obseri
1809 1009 2032 1052 mores
2073 983 2319 1070 malos,
2665 1005 2743 1044 1³⁰

581 1095 653 1164 Si
700 1094 767 1162 in
808 1093 1183 1163 obserendo
1230 1094 1489 1188 possint
1532 1093 1881 1163 interfieri.

579 1226 769 1273 STAS.
819 1206 1055 1295 Neque
1089 1227 1387 1297 unquam
1421 1205 1779 1299 quisquam
1793 1201 1907 1291 'st‚
1947 1205 2191 1298 quojus
2229 1202 2342 1272 ille
2370 1229 2530 1299 ager
2563 1205 2731 1292 fuit,

580 1313 769 1402 Quin
810 1337 1115 1406 pessume
1159 1313 1221 1382 ei
1265 1337 1369 1382 res
1414 1315 1714 1383 vorterit.
1754 1316 2076 1403 Quorum
2110 1313 2274 1402 fuit,

575 1421 711 1493 Alii
750 1422 1125 1491 exsulatum
1158 1421 1475 1492 abierunt
1498 1477 1518 1509 ‚
1550 1422 1664 1492 alii
1709 1426 2040 1511 emortui,

574 1532 706 1604 Alii
744 1559 813 1603 se
859 1533 1313 1628 suspendere:
1350 1535 1507 1604 hem
1545 1559 1728 1604 nunc
1771 1535 1920 1620 hic,
1960 1535 2204 1628 quojus
2237 1549 2378 1622 est,
2659 1555 2737 1596 ¹³⁵

574 1647 673 1716 Ut
700 1645 784 1713 ad
814 1645 1051 1714 incitas
1088 1642 1433 1714 redactus!
1468 1669 1589 1715 PH.
1629 1649 1864 1740 Apage
1905 1671 1944 1713 a
1981 1669 2090 1714 me
2125 1646 2326 1714 istum
2369 1669 2634 1740 agrum.

579 1778 763 1824 sus..
803 1755 1023 1848 Magis
1060 1779 1272 1850 apage
1306 1756 1519 1838 dicaS‚
1557 1757 1610 1824 si
1641 1757 1867 1824 omnia
1903 1781 1942 1824 a
1979 1779 2086 1824 me
2123 1755 2480 1826 audiveris.

576 1865 756 1934 Nam
793 1863 1130 1958 fulguritae
1168 1880 1322 1934 sunt
1361 1866 1513 1935 heic
1547 1863 1818 1935 alternae
1849 1866 2149 1937 arbores..

583 1979 751 2045 Sues
794 1975 1179 2044 moriuntur
1224 1978 1471 2072 angina
1506 2001 1878 2046 acerrume.

586 2087 793 2178 Oveis
856 2085 1105 2154 scabrae
1160 2102 1363 2176 sunt,
1410 2103 1548 2156 tam
1591 2086 1874 2182 glabrae,
1927 2087 2126 2174 hem,
2177 2111 2382 2180 quam
2442 2086 2583 2155 haec
2637 2101 2740 2155 est

880 2219 1145 2264 manus.

2657 2220 2740 2262 uo

585 2306 759 2372 Tum
796 2317 1020 2373 autem
1052 2309 1410 2400 Syrorum,
1454 2331 1664 2401 genus
1699 2306 1883 2400 quod
1921 2305 2606 2402 patientissumum’st

586 2415 995 2502 Hominum,
1028 2441 1226 2484 nemo
1268 2433 1521 2504 exstat,
1560 2418 1675 2511 qui
1723 2417 1816 2485 ibi
1857 2441 1971 2484 sex
2009 2418 2291 2487 menseis
2336 2416 2605 2485 vixerit:

578 2518 683 2594 Ita
715 2525 941 2595 cuncti
984 2524 1316 2626 solstitiali
1357 2529 1600 2598 morbo
1633 2527 1981 2596 decidunt.

576 2664 689 2717 rius
714 2661 784 2716 ad
805 2663 1066 2716 Martialis
1086 2665 1259 2717 xenia
1281 2663 1409 2735 legi-t
1427 2677 1612 2718 coctum

581 2755 679 2807 est,
707 2743 857 2814 quod
888 2742 1085 2813 cupide
1112 2743 1321 2814 recepit
1361 2745 1562 2800 Parem
1593 2763 1607 2798 ε

584 2822 675 2876 sed
707 2823 861 2876 male.
890 2823 1037 2877 Vide
1080 2823 1359 2880 observat.
1401 2826 1503 2889 lv,
1554 2827 1611 2878 3.

582 2903 880 2956 Gnon.-«
906 2903 1054 2956 Uvas
1082 2918 1392 2974 percoctus,
1427 2905 1615 2958 vinum

583 2995 829 3039 coetum·
851 3021 867 3048 ,
892 2983 1025 3036 cato
1048 2982 1187 3037 dixit
1214 2985 1281 3036 R.
1304 2985 1369 3037 R.
1397 2989 1490 3049 24,
1523 2985 1616 3038 25.

584 3061 647 3116 Si
670 3075 853 3119 coecum
878 3063 1123 3128 obtinet,
1153 3062 1425 3118 vindemia
1456 3065 1618 3137 signi-

584 3142 799 3196 ficatur.
826 3141 898 3194 N.

672 3225 803 3276 ηδ.
832 3220 1127 3276 Consuadet.
1151 3221 1347 3277 Servus
1378 3220 1618 3276 abduxe-

583 3315 669 3355 rat
691 3317 873 3354 senem
912 3320 927 3354 ε
959 3302 1035 3354 ait
1055 3303 1244 3368 herus,
1272 3303 1366 3356 Est
1390 3301 1618 3374 quidem

583 3382 831 3453 apprime
874 3382 1123 3435 scelestus
1155 3395 1336 3436 noster
1374 3383 1467 3436 ille
1506 3401 1619 3436 ser·

581 3481 682 3516 vus
704 3479 719 3514 ε
750 3474 933 3515 tamen
950 3478 1074 3514 eum
1094 3474 1203 3515 tam
1226 3463 1359 3516 mihi
1380 3462 1614 3516 arbitror

582 3541 815 3608 fidelem,
834 3555 895 3595 ut
920 3541 1058 3594 nihil
1084 3560 1333 3596 suasurus
1355 3545 1441 3606 sit,
1460 3541 1611 3613 quod

582 3634 781 3674 eontra-
798 3639 971 3674 meam
998 3639 1132 3674 rem.
1154 3621 1415 3676 Gom-mi.

670 3719 795 3770 ¹²9·
818 3701 946 3754 ulei.
971 3701 1171 3771 Amph.
1194 3702 1338 3755 Prol.
1361 3700 1492 3755 133.

668 3779 795 3834 131.
829 3782 895 3833 In
924 3781 1212 3843 obser-endo,
1256 3800 1427 3854 quum
1455 3782 1611 3834 obse-

579 3873 787 3914 rentur.
822 3861 974 3932 virg.
1000 3861 1195 3932 Georg.
1246 3887 1271 3910 ι
1293 3861 1513 3932 uritque
1541 3862 1615 3914 vi-

580 3937 767 3993 d'endo
780 3939 1003 3994 Femina
1025 3966 1076 3994 ιι.

1787 2681 1812 2718 1
1826 2666 1918 2718 36.
1947 2663 2048 2716 Ad
2064 2666 2239 2716 incitas
2259 2663 2500 2716 redactus.
2527 2663 2738 2718 Poenul.

1701 2745 1802 2810 IV,
1837 2764 1865 2797 2
1887 2783 1903 2808 ‚
1931 2745 2025 2798 86.

1790 2844 1813 2877 1
1828 2825 1920 2879 38.
1942 2824 2199 2889 Alter-me,
2229 2821 2300 2875 de
2324 2822 2468 2875 binis
2488 2823 2671 2878 altera.

1793 2922 1816 2955 1
1830 2909 1916 2967 40.
1941 2903 2087 2956 Ovet's
2105 2903 2315 2968 scabra,
2340 2915 2442 2956 etc.
2473 2902 2616 2956 Oves
2635 2921 2739 2956 nu·

1705 2981 1844 3037 datae
1865 2984 1986 3036 lana
2015 2996 2142 3037 sunt
2170 3000 2268 3054 per
2291 2983 2546 3036 scabiem.
2575 2982 2738 3038 Cous.

1704 3063 1889 3122 Aulul.
1914 3065 1996 3128 11,
2027 3066 2088 3128 8,
2120 3067 2176 3118 6.

1792 3162 1815 3197 1
1831 3143 1921 3206 43.
1934 3141 2200 3196 Solstitiale·
2220 3140 2564 3212 morbo.Apud
2581 3140 2744 3196 Plau·

1705 3235 1831 3276 tum
1863 3224 2142 3294 quesitum
2167 3233 2250 3275 est
2275 3223 2398 3293 quis
2427 3221 2494 3274 sit
2517 3222 2739 3276 morbus

1706 3302 2016 3356 solstitialis.
2036 3301 2142 3354 Alii
2171 3319 2274 3371 pro
2295 3301 2558 3354 comitiali
2584 3301 2740 3354 intel·

1704 3382 1952 3436 lexerunt
1971 3403 1984 3433 z
2009 3382 2104 3436 alii
2122 3399 2224 3452 pro
2243 3381 2527 3454 repentino
2541 3393 2596 3435 et
2608 3382 2738 3434 snb-

1701 3460 1880 3514 itaneo
1919 3481 1933 3512 τ
1975 3474 2036 3514 ut
2073 3463 2236 3514 etiem
2278 3461 2408 3514 alibi
2459 3453 2737 3530 (Pseudol.

1704 3541 1763 3607 I,
1795 3531 1852 3611 ι)
1895 3541 2046 3594 laer-ba
2091 3542 2364 3594 solstitialis
2377 3581 2394 3604 ,
2439 3559 2562 3614 qun
2607 3555 2737 3595 nata

1705 3622 1885 3675 statim
1913 3621 2165 3675 moritur.
2185 3622 2472 3675 Turnebus
2503 3641 2605 3693 pro
2631 3623 2738 3674 sol-

1703 3697 1890 3755 stitiali
1922 3702 2113 3755 moebo
2137 3700 2530 3754 ardentissimas
2559 3701 2736 3754 febres

1699 3781 1994 3849 intellexit,
2033 3782 2184 3852 quasi
2215 3781 2321 3835 311ae
2351 3781 2453 3833 sub
2495 3781 2734 3834 solstitio

1700 3861 1936 3914 maxime
1963 3874 2244 3932 vagentur.
2271 3859 2404 3926 Sed,
2421 3861 2524 3914 etsi
2541 3858 2734 3913 demus

1699 3942 1994 4002 Tun-nebo,
2025 3941 2236 3994 similes-
2251 3941 2424 3994 febres
2449 3939 2733 3994 Canicula-

666 4019 798 4073 133.
844 4021 1079 4090 Quorum.
1120 4019 1247 4073 Hac
1294 4031 1375 4074 est
1415 4018 1612 4074 Linde-
1696 4020 1854 4074 ribus
1905 4019 2098 4074 diebus
2157 4019 2420 4091 grassari,
2493 4031 2733 4073 attamen

579 4099 773 4152 manni
814 4099 1135 4154 emendatio.
1166 4100 1347 4171 Vulgo
1387 4103 1604 4173 quojum,

580 4178 733 4251 quod
748 4180 901 4234 facile
918 4199 1030 4233 non
1054 4179 1393 4234 intellexeris.

1698 4100 1982 4154 solstitium
2041 4119 2076 4154 a
2125 4100 2380 4155 Canioula
2434 4099 2730 4152 multorum

1699 4178 1910 4232 dierum
1959 4179 2247 4234 intervallo
2305 4191 2576 4232 remotum
2629 4191 2727 4232 est.
