3067 5017
1148 457 1517 477 mmm
1523 453 2182 477 mmmmm
2199 452 2287 474 m
2291 451 2764 475 mmm

888 686 1324 775 ALIUD
1405 682 2426 772 ARGUMENTUM

1003 875 2156 1095 CAMERARI
2199 925 2297 1050 l.

602 1351 821 1471 Hos
839 1423 936 1471 us
986 1400 1229 1471 fabulae
1276 1398 1574 1471 laudatio
1624 1413 1846 1471 exstat
1885 1399 2332 1470 Ciceroniana
2356 1452 2378 1485 ‚
2429 1398 2504 1467 in
2551 1398 2751 1493 cujus

594 1525 856 1596 Catone
895 1525 1039 1619 ipse
1076 1529 1247 1596 Cato
1284 1523 1497 1595 dicit:
1545 1524 1820 1614 «Quam
1863 1521 2195 1619 gaudebat
2236 1519 2415 1592 bello
2453 1545 2577 1592 suo
2612 1524 2751 1590 Pu-

592 1647 748 1718 nico
771 1648 1086 1735 Naevius3
1108 1672 1311 1741 quam
1329 1645 1747 1718 Truculento
1766 1644 2044 1716 Plautus
2067 1698 2087 1732 ‚
2103 1670 2308 1741 quam
2336 1640 2701 1715 Pseudolo!
2717 1674 2752 1709 ω

595 1773 695 1840 Ac
732 1785 834 1841 est
869 1769 1323 1841 Truculentus
1360 1771 1634 1866 quidem
1667 1772 1764 1840 ita
1798 1771 2240 1867 depravatuS,
2275 1783 2354 1839 ut
2395 1767 2584 1839 nulla
2616 1767 2756 1837 alia

593 1893 825 1963 fabula
865 1891 1249 1963 fabularum
1287 1892 1754 1964 Plautinarum
1793 1894 2048 1989 magiS‚
2091 1909 2232 1964 tam
2276 1894 2349 1961 in
2391 1892 2754 1987 expressis,

596 2043 800 2112 quam
846 2020 915 2088 in
954 2021 1130 2089 MSS
1167 2016 1378 2088 libris.
1428 2018 1798 2089 Pseudolus
1835 2034 2059 2089 autem
2096 2034 2163 2089 et
2199 2014 2526 2088 b'eneficio
2561 2032 2754 2086 vete-

596 2168 749 2212 rum
787 2141 1157 2230 librorum,
1191 2157 1260 2212 et
1296 2156 1527 2212 nostra
1575 2141 1964 2238 diligentia,
2007 2143 2291 2213 maxima
2326 2156 2518 2237 parte
2559 2141 2752 2209 resti·-

595 2280 782 2337 tutus
817 2267 1231 2363 integritati,
1260 2265 1457 2337 facile
1493 2267 1739 2361 probat
1773 2265 2044 2355 lectori,
2079 2290 2152 2337 se
2195 2291 2336 2334 non
2374 2266 2518 2334 sine
2549 2288 2752 2335 causa

592 2404 945 2487 tantopere
981 2389 1309 2485 placuisse
1342 2391 1680 2462 Ciceroni.
1714 2392 2204 2487 Argumentum
2240 2402 2341 2459 est
2374 2387 2636 2456 varium
2680 2400 2753 2453 et

593 2509 795 2606 plane
850 2512 1230 2583 mirificum.
1281 2515 1483 2585 Senes
1534 2512 1672 2582 duo
1728 2512 1885 2582 satis
1929 2511 2288 2582 commodi.
2343 2506 2750 2579 Adolescens

592 2659 823 2705 amore
873 2634 1197 2730 perditus,
1244 2637 1492 2707 Servus
1536 2650 1872 2705 veterator
1913 2650 1983 2705 et
2020 2631 2503 2703 fraudulentus.
2558 2635 2750 2702 Leno

592 2757 955 2829 sceleratus
1005 2774 1075 2829 et
1116 2759 1413 2854 perfidus
1434 2812 1453 2847 ‚
1494 2784 1535 2829 a
1581 2785 1721 2855 quo
1756 2784 1880 2854 per
1927 2754 2222 2829 fallacias
2275 2756 2510 2827 subitae
2557 2780 2750 2825 occa-

593 2883 802 2952 sionis
851 2884 1213 2955 abducitur
1256 2886 1469 2954 amica
1506 2881 1631 2953 filii
1673 2882 1902 2954 herilis
1936 2880 2219 2953 consilio
2269 2878 2530 2951 servuli.
2587 2882 2747 2949 Haec

592 3023 1029 3101 exponuntur
1063 3006 1428 3078 admodum
1459 3008 1728 3102 copiose
1768 3022 1839 3077 et
1869 3004 2211 3078 luculente
2235 3060 2255 3095 ‚
2287 3028 2442 3076 cum
2481 3003 2746 3074 actione

592 3127 971 3225 multiplici.
