3067 5017
873 392 1202 464 ACTUS
1251 395 1372 478 ΙΙ,
1421 395 1755 466 SCENA
1803 396 1927 466 IV.
2328 389 2453 468 161

317 521 508 612 Quin
545 521 616 588 in
649 518 852 590 corde
883 519 1213 587 instruere
1238 519 1577 613 quondam
1613 520 1816 613 coepit
1841 520 2386 615 thermopolium.

315 655 557 701 Psssun.
589 625 908 722 Eugepae!
951 626 1203 720 lepide,
1249 629 1571 712 Charine,
1596 655 1703 697 me
1734 655 1882 698 meo
1910 630 2070 700 ludo
2110 631 2458 704 lambet-as,

317 742 451 812 Sed
474 740 636 836 quid
666 763 913 808 nomeu
939 763 1082 807 esse
1113 739 1333 808 dicam
1363 765 1488 834 ego
1519 741 1628 809 isti
1654 741 1893 809 servo?
1926 765 2138 811 CHAR.
2174 744 2415 813 Simiae.

318 877 557 923 Psnun.
603 851 830 921 Scitne
882 850 954 916 in
1007 873 1081 916 re
1123 849 1404 918 advorsa
1455 849 1764 920 vorsari?
1800 873 2010 920 CHAR.
2055 853 2287 922 Turbo
2330 873 2469 923 non

612 985 802 1054 aeque
849 958 1090 1029 citu'st.
1848 975 1855 980 ·
2416 983 2469 1022 ss

317 1094 562 1142 Psmm.
601 1068 868 1162 quuid
918 1067 1298 1164 argutu’st?
1330 1093 1548 1139 cunt.
1584 1067 1925 1140 Malorum
1956 1072 2331 1143 facinorum
2366 1101 2473 1146 sae-

612 1203 927 1274 pnssume.

315 1315 561 1362 psum).
588 1290 778 1380 Quid
802 1344 822 1377 ‚
839 1314 1045 1383 quom
1076 1289 1431 1359 manifesto
1454 1290 1769 1360 tenetur?
1794 1313 2011 1361 ann.
2043 1292 2439 1386 Anguilla’st
2456 1351 2475 1382 ‚

611 1400 925 1470 elabitur.

318 1536 565 1582 Psssun.
605 1509 867 1604 Ecquid
919 1511 974 1578 is
1010 1509 1217 1578 homo
1253 1508 1563 1579 scitu’st?
1605 1531 1819 1579 CHAR.
1865 1509 2293 1582 Plebiscitum
2336 1539 2475 1583 non

613 1634 714 1688 est
764 1620 1015 1688 scitius.

320 1753 562 1801 psum).
619 1731 884 1799 Probus
936 1730 1143 1798 homo
1187 1745 1323 1816 est,
1363 1745 1439 1798 ut
1479 1730 1847 1824 praedicare
1885 1745 1953 1798 te
1991 1732 2216 1802 audio.
2263 1757 2480 1804 cnm.

612 1845 762 1910 Imo
799 1841 855 1910 si
895 1841 1101 1925 scias;

321 1952 461 2021 Ubi
501 1965 568 2019 te
603 1949 1016 2044 adspexerit,
1055 1949 1360 2017 narrabit
1401 1947 1585 2017 ultro
1621 1950 1788 2043 quid
1818 1975 1963 2020 sese
1998 1949 2180 2021 velis,
2424 1976 2481 2015 a..

321 2061 452 2132 Sed
497 2060 660 2155 quid
702 2085 770 2129 es
807 2060 1137 2128 acturus?
1183 2083 1430 2130 psum).
1467 2061 1707 2128 Dicam
1747 2087 1763 2129 :
1806 2061 1922 2130 ubi
1966 2062 2309 2132 hominem
2360 2089 2479 2133 ex-

613 2195 982 2254 ornaver0‚
1555 2175 1561 2180 ⁷

322 2280 762 2350 Subdititium
811 2279 960 2347 fieri
999 2302 1123 2372 ego
1161 2277 1350 2348 illum
1386 2277 1619 2348 militis
1660 2304 1925 2348 servom
1964 2279 2177 2370 volo;‘

324 2389 724 2484 Symbolum
757 2389 941 2457 hunc
965 2387 1135 2456 serat
1168 2387 1393 2457 lenoni
1422 2413 1577 2456 cum
1610 2385 1913 2482 quinque
1941 2392 2202 2484 argenti
2238 2393 2476 2464 minis:

321 2499 683 2570 Mulierem
721 2498 804 2566 ab
842 2496 1084 2567 lenone
1115 2493 1448 2567 abducat:
1490 2497 1641 2565 hem
1683 2496 1807 2565 tibi
1844 2523 2113 2566 omnem
2157 2500 2477 2572 fabulam.

324 2614 666 2679 Caeterum
701 2633 838 2702 quo
875 2607 1174 2702 quidque
1209 2622 1407 2701 pacto
1445 2607 1682 2694 faciat,
1716 2607 1843 2699 ipsi
1865 2605 2134 2676 dixero.
2426 2635 2477 2674 es

323 2855 423 2908 teri
444 2852 746 2918 Glossario,
762 2849 912 2924 quod
933 2851 1032 2906 MS
1054 2851 1250 2914 habeo,
1273 2851 1352 2902 le-
1534 2851 1628 2914 54.
1664 2847 1804 2920 Quid
1824 2865 2011 2902 nomen.
2036 2847 2180 2903 Vide
2203 2851 2477 2924 Amphitr.

322 2947 552 3006 guntur,
595 2945 652 2984 et
694 2932 802 2985 huc
845 2931 1074 2983 maxime
1127 2929 1346 2983 faciunt.
1447 2931 1495 2994 1,
1536 2949 1589 2996 1,
1615 2932 1742 2984 208.
1760 2958 1841 2972 --
1865 2931 1991 2981 Esse
2008 2931 2186 2984 dicam.
2205 2932 2314 2985 Le.
2332 2933 2480 3004 quod

323 3015 498 3067 Boxu.
519 3045 600 3056 —-
627 3013 888 3080 Defrutum
905 3049 924 3074 ‚
961 3012 1150 3063 vinum
1171 3022 1348 3062 musto
1446 3027 1648 3062 nomen
1676 3023 1754 3062 est
1779 3008 1858 3062 ini
1884 3013 1909 3060 P
1932 3010 2021 3063 Cf.
2049 3010 2171 3065 Mil.
2192 3011 2297 3077 IV,
2333 3014 2389 3079 5,
2416 3034 2443 3066 2
2462 3051 2481 3080 ‚

323 3092 394 3148 ad
418 3091 671 3146 dimidias
695 3091 918 3145 deoocto
944 3090 1146 3143 factum
1169 3107 1184 3141 ε
1227 3089 1346 3156 ἔψη·
1445 3101 1502 3142 et
1525 3090 1674 3142 Pers.
1695 3090 1781 3140 ΙΙΙ
1797 3127 1813 3152 ,
1846 3109 1900 3153 2,
1930 3108 1981 3141 1.
2000 3089 2072 3142 N.

326 3193 420 3246 μα·
449 3193 480 3224 a
509 3171 810 3239 defer-vendo.
841 3169 948 3224 Sed
973 3168 1099 3222 vide
1128 3167 1342 3222 Colum.
1527 3167 1620 3221 56.
1656 3169 1857 3239 Ecquid
1878 3165 2169 3238 argutu'st?
2210 3170 2376 3224 Iocus
2416 3173 2475 3225 in

325 3253 438 3308 XII
455 3289 470 3310 ,
503 3271 592 3304 20.
616 3281 698 3292 —-
725 3250 1076 3321 Quojusmodi,
1101 3248 1140 3300 i.
1169 3266 1224 3320 q.
1253 3267 1348 3301 cu·
1447 3250 1614 3301 verbo
1638 3269 1651 3300 τ
1682 3267 1807 3301 nam
1830 3266 1997 3320 quum
2020 3247 2316 3306 Pseudolus
2334 3269 2479 3322 φικ-

321 3336 642 3404 juscumque
666 3331 832 3384 modi.
863 3331 1052 3394 Forte,
1085 3331 1346 3399 quojusu‘s.
1448 3328 1649 3381 siissett
1682 3327 1898 3398 Ecquid
1918 3341 2152 3397 argutus,
2172 3330 2483 3400 ingeniosus

410 3412 496 3465 ⁵2.
517 3412 920 3482 Thoe-mapalium,
941 3410 1238 3472 tabernam,
1251 3407 1348 3460 ubi
1449 3421 1502 3461 et
1523 3408 1689 3460 solers
1716 3420 1793 3460 est
1811 3407 1836 3460 P
1864 3407 2170 3478 Respondet
2190 3410 2482 3478 Charinus,

326 3490 512 3545 dulces
565 3490 812 3563 potiones
862 3490 1132 3542 voenibant
1153 3527 1170 3554 ‚
1217 3506 1353 3560 quas
1451 3487 1606 3541 illum
1630 3506 1744 3541 esse
1762 3500 1993 3558 argutum
2011 3527 2027 3552 ,
2055 3487 2114 3540 id
2135 3501 2213 3541 est
2227 3527 2243 3552 ,
2266 3507 2481 3544 accusa-

325 3571 524 3625 calidas
544 3571 839 3624 bibebant:
877 3567 1024 3622 unde
1051 3580 1107 3621 et
1135 3586 1350 3620 nomen.
1452 3579 1570 3620 tum
1609 3567 1873 3620 malorum
1911 3567 2217 3620 facinorum
2256 3570 2482 3640 saepissi.

328 3653 516 3704 Tunu.
538 3681 622 3691 —
641 3650 729 3703 Cf.
756 3649 977 3703 Curcul.
1001 3649 1076 3714 ΙΙ,
1100 3644 1156 3712 3,
1195 3648 1285 3701 ι3.
1451 3664 1541 3698 me
1555 3677 1577 3712 ,ν
1600 3659 1760 3719 atque
1800 3645 1937 3699 adeo
1977 3647 2306 3700 convictum.
2344 3648 2487 3703 Soli·

413 3731 506 3784 ⁵3.
527 3730 614 3782 Me
641 3748 744 3782 meo
773 3729 890 3780 ludo
919 3727 1175 3780 lambet-as.
1204 3727 1354 3778 Lam·
1450 3744 1554 3778 nus
1592 3746 1605 3778 ε
1652 3753 1677 3773 α
1702 3727 1927 3779 Peccato
1954 3738 2170 3797 argutus
2198 3751 2249 3780 ι.
2299 3727 2487 3786 Linac..

330 3811 532 3872 ber-are,
563 3809 743 3880 inquit
771 3809 989 3872 Festus,
1012 3817 1086 3859 est
1102 3806 1350 3867 scindere,
1453 3806 1655 3858 Glossoe
1692 3806 1868 3876 Papia
1899 3822 1915 3858 ε
1956 3831 1979 3853 ι
1997 3807 2270 3876 Argutus,
2301 3811 2488 3862 eonvi-

330 3893 533 3943 lam‘are.
562 3888 855 3942 verberati
891 3887 1060 3958 igitur
1101 3899 1158 3939 et
1187 3905 1354 3956 vapu·
1453 3898 1573 3939 ctus
1593 3911 1643 3938 ι.
1664 3887 1835 3939 Boxu.

327 3971 443 4024 lare
479 3987 536 4022 se
569 3987 670 4022 suo
695 3965 827 4020 ludo
851 3985 1036 4020 servus
1061 3964 1210 4020 dicit.
1236 3965 1358 4018 Eis·
1543 3965 1635 4032 59.
1680 3965 1785 4016 Imo
1826 3967 1871 4016 si
1913 3968 2058 4019 scias.
2082 3963 2228 4019 Vide
2267 3968 2491 4023 Cur-cul.

333 4049 459 4104 dem
497 4049 642 4101 enim
671 4048 802 4100 loeis
828 4046 1123 4117 appetitur,
1164 4045 1362 4116 quibus
1459 4044 1549 4109 Π,
1582 4043 1645 4108 3,
1675 4049 1765 4106 62.
1870 4083 1897 4102 .,

332 4129 686 4184 lacessiverat.
707 4127 914 4206 Tunc..
1548 4127 1644 4186 64.
1658 4123 1784 4174 Hem
1798 4142 1929 4176 omn.
1946 4136 2047 4178 ete.
2066 4125 2223 4196 Capt.
2237 4127 2319 4190 11,
2332 4126 2386 4193 3,
2404 4145 2427 4179 ι
2442 4129 2497 4181 3.

541 4228 682 4294 III.
2176 4246 2200 4290 1
2226 4247 2247 4290 ι
