3067 5017
817 422 1161 491 ACTUS
1211 424 1357 507 IV,
1410 424 1754 493 SCENA
1805 426 1942 493 IV.
2302 420 2441 494 505

302 569 449 615 ΜΝ.
476 540 749 631 Mulier,
796 543 881 612 ad
921 560 986 614 te
1023 570 1172 615 sum
1207 547 1567 643 profectus,
1611 572 1779 617 mut.
1816 547 2004 636 Quid
2041 546 2296 640 agitur,
2329 572 2447 615 vo-

592 654 813 749 luptas
854 656 1053 725 mea?

241 789 247 796 ·
303 790 455 837 ΜΝ.
481 768 640 837 Non
680 764 983 860 voluptas
1017 791 1033 835 ε
1073 764 1261 835 aufer
1296 792 1509 861 nugas
1539 790 1558 835 ε
1597 764 1766 834 nihil
1794 790 1924 860 ego
1955 791 2138 835 nunc
2171 766 2254 835 de
2281 767 2444 837 istac

591 900 665 944 re
704 900 855 971 ag0.

301 1010 466 1055 Pan.
506 986 660 1057 Scio
680 1038 699 1069 ‚
730 1001 1085 1073 mecastor,
1114 986 1277 1081 quid
1303 987 1495 1071 Velis,
1520 1001 1591 1056 et
1618 986 1802 1081 quid‘
1822 986 2149 1080 postules,
2179 1003 2247 1056 et
2281 982 2448 1081 quid

593 1110 801 1189 petaS.

300 1209 417 1275 Mc
447 1205 677 1273 videre
714 1206 851 1290 vis,
888 1231 997 1273 me
1036 1230 1261 1274 amare,
1298 1202 1598 1299 postulas
1633 1231 1649 1274 :
1690 1209 1976 1298 puerum
2016 1205 2205 1299 petis.

298 1340 459 1413 nm.
481 1313 1001 1386 Diinmortaleis
1020 1330 1130 1403 ‚ut
1150 1314 1538 1410 planiloqua
1551 1313 1632 1384 ’st
1657 1312 1671 1384 !
1709 1317 1938 1410 paucis
1967 1331 2044 1385 ut
2073 1339 2212 1384 rem
2238 1315 2451 1409 ipsam

594 1423 877 1519 adtigit!
1963 1423 1970 1429 ⁶

306 1560 475 1607 PER.
514 1536 669 1605 Scio
704 1535 1009 1629 equidem
1042 1560 1353 1630 sponsam
1386 1536 1510 1604 tibi
1539 1561 1717 1621 esse,
1743 1546 1826 1604 et‘
1849 1534 2182 1604 filium'cx
2207 1558 2455 1628 sponsa

495 1666 541 1733 j
600 1660 755 1730 tua,

306 1758 392 1828 Et
406 1756 529 1825 tibi
548 1776 825 1825 uxorem
842 1746 1215 1827 duccndam
1225 1756 1362 1849 jam
1384 1780 1555 1841 esse3
1577 1753 1739 1823 alibi
1753 1755 1892 1848 jam
1917 1756 2228 1835 animum
2240 1770 2458 1840 tuum,

308 1872 403 1939 Ut
445 1890 555 1935 mc
590 1867 778 1961 quasi
812 1892 936 1961 ppo
968 1864 1283 1935 derelicta
1318 1866 1407 1935 sis
1442 1866 1796 1935 habiturus
1831 1892 1845 1933 :
1891 1865 2004 1934 sed
2041 1881 2263 1935 tamen

310 1978 660 2071 Cogitate,
711 2000 859 2045 mus
906 1974 1185 2069 pusillus
1224 2000 1427 2069 quam
1470 1976 1558 2043 sit
1595 1976 1858 2069 sapiens
1892 1976 2132 2060 bestia,
2412 1994 2462 2035 ιε

310 2089 598 2157 AEtatem
622 2087 747 2181 ⁴qui
788 2086 907 2155 uni
944 2084 1152 2155 cubili
1192 2110 1536 2179 nunquam
1577 2086 1918 2153 conmittit
1949 2111 2162 2187 suam.

311 2196 493 2285 Quia
534 2197 589 2263 si
628 2220 841 2262 unum
879 2196 1124 2262 ostium
1163 2194 1573 2290 obsideatur,
1610 2194 1798 2263 aliud
1837 2194 2221 2290 perfugium
2259 2194 2449 2289 petit.

313 2329 459 2377 ΜΝ.
510 2306 744 2375 Otium
793 2305 907 2372 ubi
954 2305 1115 2389 erit,
1154 2303 1237 2371 de
1284 2304 1425 2373 istis
1463 2304 1664 2373 rebus
1708 2320 1852 2373 tum
1895 2305 2188 2399 amplius
2237 2321 2462 2374 tecum

608 2412 868 2508 loquar.

312 2528 518 2597 Nunc
555 2549 839 2618 puerum
876 2522 1098 2592 redde.
1153 2548 1316 2595 PHR.
1358 2525 1543 2608 Iin0‚
1591 2523 1860 2608 amabe,
1896 2524 1974 2591 ut
2010 2522 2134 2591 hos
2172 2522 2312 2590 dics
2353 2521 2470 2589 ali·

607 2658 777 2727 quos
814 2635 994 2701 sinas

314 2749 489 2815 Eum
523 2769 665 2813 csse.
700 2743 881 2837 apud
908 2769 1035 2813 me.
1072 2767 1216 2813 ΜΝ.
1252 2744 1580 2813 Minume.
1612 2765 1780 2813 Pnn.
1814 2745 1995 2827 Jmn,
2023 2739 2284 2809 amabo.
2315 2766 2463 2811 ΜΝ.

612 2853 799 2941 Quid
836 2850 1106 2946 opu'st?
1138 2876 1260 2921 ΡΗ.
1300 2857 1357 2921 Ε
1400 2879 1473 2920 rc
1509 2850 1770 2921 mea’st.

314 2963 647 3035 Triduum
690 2965 818 3033 hoc
862 2963 1139 3049 saltem,
1184 2964 1345 3031 dum
1388 2963 1616 3057 aliquo
1654 2962 1841 3031 miles
1882 2963 2430 3031 circumducitur.

314 3078 398 3144 In
434 3100 578 3143 eam
612 3098 785 3161 rem,
822 3075 876 3143 si
915 3072 1082 3167 quid
1117 3073 1415 3159 habebo,
1463 3073 1586 3141 tibi
1623 3097 1890 3166 quoque
1913 3072 2113 3139 etiam
2150 3072 2468 3165 proderit.

319 3188 389 3254 Si
424 3183 681 3253 auferes
710 3208 1025 3279 puerum,
1065 3208 1103 3251 a
1130 3182 1340 3251 milite
1373 3182 1592 3251 omnis
1628 3197 1770 3251 tum
1803 3182 1968 3249 mibi
2005 3206 2154 3274 spes
2181 3182 2473 3251 animam

616 3294 981 3363 ecflavcrit.

404 3468 459 3519 7.
490 3449 581 3503 Ad
610 3460 655 3501 te
680 3470 782 3503 sum
798 3450 1067 3521 profectus.
1096 3448 1224 3501 Haec
1252 3450 1354 3501 Bo·
1440 3448 1625 3511 mulia,
1653 3466 1772 3519 qum
1815 3447 2049 3501 latibulis
2087 3446 2195 3499 suis
2235 3444 2472 3499 diversos

318 3526 519 3589 thiana.
561 3530 820 3601 Vulgata,
872 3528 1137 3595 «adsumf,
1170 3530 1354 3599 profe·
1442 3539 1495 3581 ct
1547 3530 1729 3598 plures
1775 3527 1944 3581 exitus
1992 3524 2258 3598 pandant,
2289 3538 2377 3587 ut,
2427 3526 2472 3578 si

318 3617 481 3663 ctu’st
506 3634 529 3655 ιι
549 3647 566 3673 ‚
590 3628 748 3680 quam
773 3608 904 3681 quid
928 3609 1056 3661 velit
1078 3609 1276 3668 nescio.
1444 3606 1592 3678 quod
1616 3608 1918 3677 periculum
1942 3604 2218 3664 inciderit,
2237 3606 2360 3675 fuga
2381 3624 2476 3675 pa-

412 3706 495 3741 ιο.
526 3688 614 3741 Me
654 3708 832 3741 amare.
856 3689 1069 3759 Vulg0,
1122 3715 1143 3735 α
1169 3702 1224 3740 et
1267 3705 1357 3739 me
1446 3700 1556 3739 teat
1593 3688 1842 3739 obsessis:
1875 3686 2022 3757 quod
2055 3704 2166 3737 non
2209 3684 2478 3749 facerent,

318 3780 378 3823 te
414 3786 594 3821 amare
619 3794 641 3815 ι
661 3807 678 3833 ,
716 3788 869 3821 versu
906 3768 1199 3821 laborante.
1232 3767 1357 3817 Lu-
1445 3766 1551 3818 nisi
1573 3767 1767 3819 inesset
1791 3766 1897 3818 illis
1920 3763 2272 3833 intelligentia
2299 3776 2354 3817 et
2391 3783 2478 3816 co-

318 3847 425 3913 dit,
448 3847 663 3917 opinor,
693 3850 856 3901 verbo
876 3867 1071 3910 amate,
1106 3844 1256 3917 quod
1282 3858 1361 3899 est
1445 3846 1636 3916 'gitatin
1661 3871 1709 3899 u.
1977 3912 1982 3916 .

319 3939 379 3981 et
419 3947 582 3981 orare.
623 3928 946 3981 Menaechm.
988 3928 1079 3991 II,
1141 3928 1204 3991 3,
1253 3944 1358 3996 713
1540 3945 1628 3995 ¹7·
1656 3924 1810 3977 Petit.
1841 3924 2020 3993 Vulgo
2043 3924 2189 3993 gerit.

318 4007 437 4071 111,
467 4005 497 4057 3
518 4045 535 4073 ‚
570 4024 620 4059 1.
1532 4023 1618 4057 20.
1643 4005 1696 4055 E
1715 4025 1793 4068 re,
1813 4003 1962 4069 utile,
1983 4014 2042 4055 ut
2070 4001 2133 4053 ab
2162 4022 2214 4053 re
2240 4002 2478 4056 noxium.

416 4086 506 4139 15.
530 4086 646 4139 Mas
660 4086 895 4157 pusillus,
926 4099 1026 4139 etc.
1053 4084 1360 4139 Lactantius
1535 4104 1630 4137 21.
1665 4084 1880 4155 Aliquo,
1929 4082 2106 4153 aliqua
2159 4102 2234 4135 re.
2269 4116 2345 4125 -—-
2373 4083 2485 4137 Cir·

318 4164 425 4220 lib.
446 4164 515 4218 de
540 4167 625 4219 Ira
659 4166 791 4233 Dei,
818 4186 933 4238 cap.
961 4185 994 4235 7
1016 4187 1027 4217 :
1058 4189 1077 4209 ι
1100 4168 1237 4220 Sunt
1255 4165 1364 4217 ani-
1454 4163 1770 4216 cumduciem·.
1802 4164 1994 4217 Bacch.
2018 4161 2072 4215 11
2089 4201 2104 4227 ‚
2138 4164 2196 4229 3,
2228 4180 2322 4233 77.
