3067 5017
614 437 759 517 386
1389 439 2005 526 TRINUMUS,

606 562 987 640 Publicisne
1018 559 1263 632 adfinis
1288 559 1419 632 fuit
1442 615 1463 649 ,
1488 587 1586 630 an
1627 559 2022 634 maritumis
2046 557 2376 656 negotiis?
2703 587 2794 637 1⁹·⁴

602 675 1177 754 Mercaturamne,
1208 696 1297 744 an
1342 670 1643 741 venaleis
1683 673 1964 759 habuit,
2001 671 2116 740 ubi
2153 697 2294 741 rem
2325 670 2663 767 perdidit?

604 808 749 853 LYs.
780 781 966 854 Nihil
1004 783 1307 854 istorum.
1343 805 1462 852 m.
1494 783 1683 872 Quid
1713 783 1964 878 igitur?
1995 807 2144 852 urs.
2174 787 2302 852 Per
2335 782 2757 873 comitatem,

844 895 848 900 ’
896 891 1179 988 edepol,
1218 883 1425 986 pater.
1724 981 1730 988 ·

603 1008 930 1075 Praeterea
967 1001 1387 1097 aliquantum
1418 1003 1627 1072 animi
1657 1027 1852 1072 causa
1879 1003 1949 1070 in
1981 1001 2234 1072 deliciis
2271 1002 2687 1098 disperdidit.

598 1141 719 1190 ΡΗ.
756 1113 1053 1208 Edepol,
1088 1113 1433 1186 hominem
1463 1114 1900 1208 praedieatum
1938 1113 2148 1184 ferme
2187 1113 2624 1186 familiariter.
2649 1198 2665 1206 -

600 1225 741 1319 Qui
772 1225 1049 1321 quidem
1086 1249 1419 1319 nusquam
1456 1249 1578 1319 per
1613 1225 1928 1306 virtutem
1963 1249 2105 1326 rem
2149 1224 2524 1320 confregit,
2557 1242 2763 1322 atque

896 1349 1048 1431 eget
1080 1388 1100 1422 ,
1951 1365 1958 1374 ·
2708 1360 2760 1399 ⁵⁵

600 1445 792 1522 Nihil
810 1471 1040 1520 moror
1057 1471 1213 1516 eum
1230 1447 1352 1515 tihi
1372 1471 1515 1516 esse
1532 1447 1825 1518 amicum
1847 1471 2004 1516 cum
2025 1446 2353 1541 ejusmodi
2371 1449 2760 1528 virtutibus.

603 1581 755 1632 ms,
794 1558 974 1648 Quia
1004 1559 1147 1628 sine
1181 1558 1366 1636 omni
1403 1555 1662 1630 malitia
1697 1572 1798 1626 est
1818 1613 1838 1646 ,
1885 1555 2176 1627 tolerare
2215 1572 2573 1652 egestatem
2613 1560 2764 1656 ejus

808 1733 817 1740 .
896 1667 1075 1740 volu.

602 1801 723 1852 ΡΗ.
760 1781 865 1848 De
891 1776 1203 1849 mendico
1232 1776 1411 1846 male
1448 1793 1768 1865 meretur,
1815 1779 1932 1872 qui
1969 1778 2029 1846 ei
2075 1776 2188 1846 dat
2222 1779 2406 1871 quod
2434 1778 2607 1867 edit,
2643 1795 2763 1850 aut

895 1886 1080 1981 quod
1127 1887 1337 1955 bibat.

597 2000 775 2072 Nam
814 2013 881 2072 et
920 1996 1083 2066 illud
1114 1997 1297 2091 quod
1336 1996 1493 2084 dat,
1544 1997 1798 2092 perdit,
1831 2012 1898 2067 et
1936 1995 2033 2067 illi
2073 1997 2389 2091 producit
2429 1999 2636 2068 vitam
2673 1997 2761 2068 ad

899 2133 1260 2176 miseriam.

608 2222 766 2294 Non
801 2241 883 2287 eo
918 2218 1049 2290 hoc
1082 2217 1281 2306 dico,
1304 2219 1493 2311 quin,
1526 2243 1676 2313 quoe
1707 2233 1783 2288 tu
1805 2219 1936 2306 viS‚
1971 2243 2096 2313 ego
2139 2217 2337 2287 velim
2360 2271 2380 2306 ,
2417 2233 2488 2287 et
2521 2218 2762 2288 faciam

902 2327 1173 2415 lubens3
2708 2349 2768 2390 σο

609 2437 745 2522 Sed
786 2464 913 2534 ego
951 2439 1081 2508 hoc
1120 2439 1405 2508 verbum
1430 2463 1646 2532 quom
1683 2437 1780 2507 illi
1821 2436 2144 2534 quoidam
2188 2438 2344 2508 dico
2366 2492 2386 2527 ,
2424 2465 2762 2534 praemon-

904 2563 1045 2622 stro
1080 2549 1242 2635 tibi,

611 2661 712 2728 Ut
749 2659 840 2727 ita
874 2674 939 2738 te
980 2657 1266 2727 aliorum
1306 2659 1727 2744 miserescat,
1763 2683 1849 2726 ne
1886 2660 1984 2727 tui
2021 2657 2184 2727 alios
2221 2659 2552 2729 misereat.

612 2793 763 2844 1015.
798 2772 1126 2842 Deserere
1155 2766 1378 2854 illum,
1412 2783 1481 2836 et
1506 2767 1826 2860 dejuvare
1855 2768 1926 2836 in
1959 2769 2160 2836 rebus
2191 2768 2492 2837 advorsis
2523 2767 2760 2862 pudet.

608 2903 733 2950 ΡΗ.
771 2877 929 2962 Pol,
959 2876 1212 2972 pudere
1238 2901 1440 2971 quam
1475 2878 1704 2972 pigere
1728 2877 2030 2971 praestat',
2069 2877 2354 2947 totidem
2386 2877 2615 2948 literis.

693 3085 784 3140 50.
809 3084 1027 3137 Publicis
1120 3086 1355 3154 negotiis,
1395 3083 1435 3142 i.
1463 3101 1513 3136 e.
1539 3103 1642 3156 pu·
1816 3081 1908 3137 58.
1935 3084 2094 3157 Quod*
2114 3084 2234 3139 edit.
2255 3084 2462 3143 Poenul.
2489 3085 2637 3139 Prol.
2667 3103 2722 3152 9.

534 3155 539 3164 ’
602 3163 1065 3229 blicanorum‚vel
1095 3153 1483 3216 redemtorum.
1816 3167 1906 3218 62.
1942 3165 2024 3218 Ne
2052 3168 2124 3216 tui
2159 3166 2283 3216 alios
2325 3168 2573 3230 misereat,
2604 3157 2675 3217 ne
2711 3179 2768 3219 te

692 3244 787 3300 51.
818 3243 1080 3300 Voenaleis.
1114 3245 1199 3295 An
1226 3242 1600 3313 mangofuit?
1735 3241 1804 3297 ad
1831 3243 2073 3314 egestatis
2099 3243 2232 3298 fines
2257 3243 2480 3316 redigas.

694 3323 785 3378 ὄπ.
837 3327 939 3376 Per
986 3326 1275 3376 comitatem.
1314 3321 1458 3376 Vide
1502 3341 1650 3376 seen.
1820 3325 1916 3377 63.
1944 3325 2208 3393 Dejuvam.
2235 3326 2406 3377 Vetus
2445 3323 2606 3376 editio
2627 3363 2644 3389 ‚
2683 3325 2765 3376 de·

612 3403 846 3478 praeced,
864 3423 941 3459 vs.
971 3409 1061 3466 14.
1324 3413 1331 3422 “
1692 3401 1702 3409 '
1735 3407 1898 3456 cinare
1912 3442 1929 3467 ,
2000 3402 2220 3457 fortasse
2281 3404 2490 3457 melius.
2549 3403 2764 3456 Glossa-

701 3485 797 3548 54.
829 3481 1159 3536 Proedicu'tum
1187 3483 1347 3550 sermo
1374 3481 1648 3549 familiari-.-
1735 3483 1878 3536 rium
1923 3501 1938 3536 t
1979 3485 2267 3547 Besinum,
2313 3481 2582 3544 eigo-Aona<
2603 3507 2616 3519 ·
2669 3484 2764 3554 qui

618 3563 1393 3630 tot-„Ptoedc'eatmsamilianitot
1409 3581 1475 3614 eo
1499 3561 1650 3628 dicit,
1736 3563 1937 3616 seilicet
1991 3562 2217 3629 desinit,
2293 3561 2576 3616 destitutus
2635 3581 2763 3634 ope.

615 3643 743 3716 quia
785 3657 995 3714 turpem
1024 3641 1397 3700 decoctionem
1432 3638 1649 3714 aequalis
1736 3645 1954 3697 Scsme.
1993 3676 2072 3686 —-
2106 3645 2354 3714 Dejeware
2403 3655 2483 3696 est
2524 3642 2764 3714 juvando

616 3724 699 3778 sui
717 3721 871 3776 valde
892 3723 1116 3776 comiter
1138 3735 1191 3774 et
1211 3722 1518 3775 verecunda
1541 3721 1647 3775 cira
1735 3721 1935 3776 deesse.
1958 3722 2102 3776 Vide
2125 3724 2336 3776 Festum
2361 3743 2417 3776 v.
2437 3724 2685 3776 Desivare.

614 3803 1011 3859 eumlocutione
1038 3803 1372 3872 protulerat:
1403 3813 1465 3854 ut
1490 3819 1649 3872 appa»
1818 3807 1915 3865 64.
1933 3803 2125 3860 Pudere
2179 3823 2286 3854 uam
2306 3808 2491 3874 pigere.
2525 3806 2768 3856 Donatus

608 3895 753 3938 reret
765 3882 1231 3936 fmiiliarissimum
1246 3881 1325 3933 ini
1340 3885 1646 3935 esse.Aem.
1736 3880 1805 3934 ad
1835 3882 2056 3936 Terent.
2088 3886 2134 3936 A
2176 3883 2318 3954 elph.
2354 3883 2470 3949 111,
2522 3884 2552 3936 3
2575 3919 2590 3944 ‚
2637 3881 2708 3952 37
2743 3901 2760 3933 ε

608 3993 692 4006 -
717 3964 1075 4025 amatorem,
1116 3963 1153 4015 i.
1186 3981 1232 4014 e.
1262 3960 1449 4014 amice.
1482 3962 1644 4016 Conf.
1743 3987 1766 4008 ι
1784 3960 1971 4032 pudet,
1989 3963 2133 4034 quod
2154 3976 2311 4034 turpe
2335 3975 2432 4028 est,
2453 3962 2594 4034 piget
2611 3959 2763 4030 quod

606 4043 825 4096 Terent.
850 4041 1017 4095 Andr.
1039 4043 1085 4106 1,
1117 4061 1166 4107 ι,
1200 4059 1321 4112 109.
1733 4039 1880 4094 dolet
1905 4067 1953 4096 n.
1981 4073 2062 4087 ·--
2093 4044 2312 4096 Totidem
2349 4045 2514 4095 literis.
2547 4041 2762 4093 Lambi-

684 4122 776 4176 55.
806 4123 908 4174 Per
930 4126 1182 4183 virtutem,
1198 4120 1335 4176 dum
1358 4135 1632 4176 strenuam
1728 4135 1832 4177 nus
1851 4122 2082 4194 explieat
2097 4163 2112 4190 ,
2146 4141 2310 4193 quum
2339 4121 2564 4174 totidem
2590 4119 2767 4172 litem

592 4209 812 4273 operam
840 4204 1058 4254 faceret.
1719 4214 1845 4254 sun-t
1863 4203 2014 4256 verbi
2038 4203 2329 4274 utriusque.
2353 4199 2754 4256 Lindemannus
