3067 5017
812 438 1159 511 ACTUS
1208 446 1296 530 v,
1348 440 1704 524 scENA‘
1736 459 1862 528 v1.

289 573 429 624 uc.
460 556 566 623 De
605 557 893 648 prandio
928 576 1003 629 tu
1047 562 1245 655 dicis3
1280 567 1592 662 debetur,
1636 576 1832 651 dabo,

282 686 476 734 mon.
515 665 819 759 Duplum
858 695 982 763 pro
1018 673 1203 745 furto
1239 678 1407 750 mihi
1444 706 1614 777 opus
1649 704 1768 759 est.
1811 716 1965 767 ch.
2007 702 2210 776 Sume
2243 708 2400 780 hinc

559 776 859 868 quidem.

277 905 438 952 HAN.
460 887 729 955 Etmihi
743 887 1087 982 subpliciis
1112 893 1361 967 multis,
1380 924 1534 971 LYc.
1557 906 1758 975 Sume
1774 910 1930 982 hinc
1943 919 2106 1011 quid
2121 921 2326 998 lubet.
2348 956 2398 995 ιε

273 1014 477 1062 ΑΝΤΗ.
494 998 583 1063 Et
611 997 781 1065 mihi
800 998 1081 1092 quidem
1117 1005 1298 1075 mina
1330 1013 1613 1104 argenti.
1641 1025 2018 1095 ch.Sume
2043 1030 2204 1104 hinc
2231 1044 2397 1134 quid

550 1103 761 1176 lubet.

2305 457 2479 575 99·

2333 1739 2386 1767 20

262 1780 419 1827 ΒΑΝ.
432 1762 630 1831 Haud
646 1762 837 1835 aliter
850 1770 1079 1840 ausim.
1098 1798 1315 1847 ANTH.
1328 1783 1509 1851 Bene
1525 1784 1687 1857 vale.
1701 1815 1821 1861 Ac.
1837 1798 1928 1867 Et
1942 1813 2013 1871 tu
2029 1802 2204 1878 bene
2217 1815 2382 1890 vale.

261 1891 464 1939 ANTE.
512 1872 740 1944 Leno!
787 1878 1231 1956 arrhabonem
1269 1886 1398 1957 hoc
1435 1916 1562 1985 pro
1599 1898 1780 1969 mina
1824 1931 2087 1985 mecum
2119 1919 2284 1993 fero.

255 2000 392 2047 nc.
426 1983 923 2069 Perii‚·hercle!
954 2014 1167 2063 Acon.
1204 1999 1349 2067 Imo
1382 2000 1561 2072 haud
1581 1988 1812 2082 'multo

528 2092 641 2184 jus
687 2098 969 2167 veneris.

252 2220 390 2267 LYc.
431 2200 913 2299 Quin·egomet
946 2209 1067 2277 tibi
1102 2238 1210 2281 me
1232 2214 1507 2289 addico:
1536 2226 1698 2317 quid
1730 2244 2012 2323 praetore
2036 2270 2208 2339 opus
2229 2257 2375 2324 est?

249 2309 484 2378 Verum
526 2314 803 2383 obsecro
847 2331 913 2385 te
937 2371 957 2404 ‚
989 2320 1294 2393 ut'liceat
1329 2328 1646 2423 simplum
1691 2338 1966 2436 solvere.

245 2421 592 2489 Trecentos
632 2424 1009 2519 Philippos,
1049 2432 1281 2519 credo,
1320 2440 1600 2509 conradi
1640 2463 1896 2537 potest:

243 2528 393 2597 Cras
423 2533 806 2603 auctionem
843 2536 1105 2611 faci-am.
1142 2567 1359 2615 Acon.
1394 2552 1750 2649 Tantisper
1785 2564 2087 2659 quidem,

239 2639 321 2705 Ut
352 2641 440 2709 sis
482 2642 664 2734 apud
706 2670 815 2713 me
859 2645 1080 2743 lignea
1121 2652 1188 2721 in
1231 2658 1555 2730 custodia.

235 2769 377 2818 LYc.
430 2752 601 2821 Fiat.
640 2777 858 2824 Acon.
898 2760 1193 2852 Sequere
1224 2763 1439 2853 intro,
1481 2786 1720 2865 passrue
1755 2780 1847 2847 mi
1871 2834 1890 2867 ,
1933 2800 2008 2855 ut
2044 2789 2226 2864 hunc
2265 2794 2360 2870 fe÷

512 2875 689 2929 stum
727 2862 901 2933 diem

228 2966 603 3038 Habeamus
639 2970 946 3063 hilarem,
994 2977 1193 3072 hujus
1231 2984 1411 3056 malo
1434 3042 1453 3070 ‚
1486 3006 1555 3060 et
1591 3011 1822 3069 nostro
1852 3002 2058 3078 bono.

227 3075 515 3173 Multum
552 3078 763 3153 valete
793 3109 809 3151 z
848 3086 1057 3155 multa
1086 3092 1287 3163 verba
1325 3096 1622 3181 fecimus,

226 3183 472 3253 Malum
505 3204 845 3281 postremo
881 3193 1011 3265 hoc
1042 3222 1242 3270 omne
1272 3206 1358 3273 ad
1388 3206 1714 3285 lenonem.
1737 3222 1929 3295 redit.

224 3293 283 3361 N
288 3318 416 3361 unc
451 3296 635 3389 quod
677 3316 1088 3393 postremum
1128 3326 1229 3379 est
1263 3318 1768 3395 condimentum
1806 3331 2085 3424 fabulae,

224 3402 283 3469 Si
318 3402 601 3495 placuit,
642 3408 951 3502 plausum
990 3420 1287 3510 postulat
1318 3432 1667 3503 comoedia.

297 3540 385 3595 14.
410 3534 557 3588 Sume
584 3538 697 3590 hinc
717 3543 925 3613 quidem.
949 3554 1233 3613 Δεικτικῶς.
1407 3560 1497 3625 23,
1536 3564 1644 3617 Imo
1685 3569 1832 3625 baud.
1877 3574 2044 3631 Deleo
2079 3583 2227 3641 houd.
2257 3591 2360 3648 Tu·

222 3609 481 3681 Significat
536 3635 591 3669 se
640 3621 779 3672 collo
835 3636 888 3678 et
948 3628 1233 3698 suspendio
1322 3639 1415 3708 qui
1456 3652 1507 3693 te
1551 3645 1660 3715 jam
1698 3652 1916 3719 periisse
1956 3655 2118 3727 dicis,
2169 3672 2341 3726 multo

220 3694 462 3746 omnihus
483 3696 609 3749 satis
630 3697 918 3755 facturum.
944 3706 1125 3761 Luta.
1322 3719 1489 3789 magis
1514 3720 1572 3773 id
1603 3724 1746 3779 dices
1763 3768 1777 3797 ,
1807 3735 2022 3802 quando
2051 3740 2109 3793 in
2133 3747 2222 3815 jus
2247 3770 2338 3806 ve.

297 3791 383 3840 17.
416 3775 576 3844 Quasi
616 3777 831 3843 baiulus,
880 3783 1095 3851 ‚bajulus
1140 3792 1233 3861 qui
1320 3798 1479 3850 neris.
1506 3801 1715 3857 DonzA.
2071 3868 2076 3871 ,

220 3850 345 3903 collo
389 3866 443 3905 et
492 3856 703 3911 cervice
742 3859 847 3913 fert
878 3880 1094 3919 omnem
1123 3886 1233 3922 sar-
1407 3882 1500 3931 26.
1526 3882 1776 3953 Philippos
1795 3895 2182 3966 conradc'potest.
2203 3908 2338 3965 Pote

221 3928 398 3985 cinam,
756 3981 758 3983 ,
1322 3968 1431 4019 est,
1468 3962 1724 4028 possibile
1755 3982 1833 4021 est
1865 3974 2045 4048 colligi
2081 3982 2186 4049 300
2216 3990 2337 4051 Phi,

294 4014 381 4064 18.
402 4014 567 4065 Haud
590 4016 793 4069 verbum
812 4020 1018 4089 quidem.
1044 4025 1131 4079 Sic
1151 4046 1235 4080 re·
1319 4032 1495 4105 lippos
1521 4043 1742 4096 corrasis
1771 4047 1924 4103 bonis
1949 4059 2107 4115 meis..
2150 4064 2155 4070 '
2211 4048 2220 4065 ’
2349 4052 2356 4066 ’

221 4088 377 4144 stituit
395 4094 703 4149 Turnebus·
734 4099 915 4171 Vulgo
934 4141 949 4167 ,
980 4104 1231 4174 advorsum
1404 4118 1496 4169 28.
1538 4120 1725 4188 Lignea
1753 4127 1802 4177 in
1828 4137 2077 4205 custodia,
2116 4162 2338 4220 compo..

223 4170 417 4239 'qm'dem‚
452 4173 601 4227 unde
619 4194 835 4231 sensum
854 4182 947 4234 vix
970 4183 1167 4240 elicias.
1320 4190 1480 4247 dibus
1506 4196 1693 4268 ligneis
1713 4204 1936 4265 vinctus.

1844 2037 1995 2110 post
2014 2078 2034 2111 ‚
2071 2052 2274 2122 quom
2308 2038 2376 2109 in

2318 2384 2368 2423 25

2301 3039 2352 3079 3ο

2085 4342 2146 4412 7.
