3067 5017
862 516 1195 587 ACTUS
1242 518 1314 601 Ι,
1363 512 1709 585 8οΕΝΑ
1757 516 1840 584 V.

269 643 450 713 Nam
489 641 668 709 istaec
716 660 869 733 quae
916 638 1041 709 tibi
1085 638 1574 707 renunciantur
1595 690 1614 722 ‚
1645 634 1859 707 filium

271 757 373 822 Te
410 749 581 821 velle
626 763 972 843 amantem
1008 765 1289 845 argento
1329 748 1868 834 circumducere,

264 861 598 953 Forsitam
647 883 732 929 ea
771 858 896 928 tibi
930 858 1109 928 dicta
1147 873 1307 927 sunt
1348 858 1719 927 mendacia.

264 972 399 1043 Sed
438 972 494 1040 si
536 994 705 1039 vera
748 994 828 1037 ea
864 985 1061 1055 sunt,
1102 984 1179 1039 ut
1218 992 1402 1039 nunc
1437 992 1586 1037 mos
1627 984 1770 1055 est,
1807 990 2150 1053 maxume,

264 1082 454 1173 Quid
490 1082 740 1149 mirum
783 1080 944 1150 fec-it
968 1135 988 1170 ,
1032 1080 1198 1175 quid
1234 1102 1522 1165 novom,
1560 1077 1952 1149 adulescens
1991 1079 2194 1149 homo

266 1192 340 1260 Si
379 1206 565 1259 amat
588 1244 607 1275 ,
647 1189 703 1259 si
745 1189 1031 1258 amicam
1070 1189 1355 1259 liberat?
1380 1212 1629 1261 Psnun.
1663 1189 1996 1283 Lepidum
2035 1176 2292 1259 senem!
2383 1228 2433 1255 ι.

267 1326 413 1372 sm.
448 1305 667 1371 Vetus
711 1299 872 1369 nolo
910 1300 1130 1369 faciat.
1170 1322 1329 1371 cst..
1372 1306 1464 1368 At
1500 1300 1682 1368 enim
1727 1298 2184 1393 nequidquam
2221 1298 2432 1367 nevis.

2289 538 2308 585 ι
2329 516 2422 613 39

2379 656 2428 699 ιε

266 1410 399 1483 Vel
443 1426 522 1480 tu
558 1436 645 1479 ne
691 1410 943 1479 faceres
986 1410 1123 1479 tale
1168 1411 1239 1478 in
1276 1409 1748 1479 adulescentia.

269 1522 576 1592 Probum
615 1536 878 1616 patrem
916 1546 1056 1589 esse
1092 1534 1401 1616 oportet,
1445 1520 1565 1615 qui
1610 1534 1889 1613 gnatum
1930 1542 2128 1588 suum

272 1637 436 1703 Esse
474 1632 865 1727 probiorem
897 1684 917 1718 ,
962 1653 1165 1725 quam
1214 1633 1398 1727 ipsus
1450 1630 1689 1717 fuerit,
1727 1630 2039 1727 postulet.

274 1747 453 1814 Nam
489 1757 565 1812 tu
606 1741 791 1837 quod
827 1742 1097 1826 damni,
1136 1758 1204 1810 et
1238 1742 1425 1837 quod
1457 1742 1679 1812 fecisti·
1709 1742 1967 1839 flagiti,
2383 1761 2435 1800 2⁵

275 1850 539 1948 Populo
584 1852 839 1921 viritim
876 1853 1100 1947 potuit
1136 1852 1570 1947 dispertirier.

280 1964 363 2032 Id
396 1988 486 2033 ne
526 1979 602 2032 tu
643 1964 951 2051 mirariS‚
989 1964 1047 2032 si
1083 1964 1397 2058 patrissat
1432 1962 1662 2032 filius?

285 2097 528 2145 Pszun.
566 2058 622 2141 ὁ
655 2078 811 2159 Ζεῦ,
848 2058 1053 2169 quam
1090 2076 1287 2169 pauci
1328 2076 1485 2144 estis
1520 2075 1828 2143 homines
1863 2068 2213 2142 conmodi!

288 2185 500 2253 Ehem
524 2238 545 2271 ‚
577 2183 737 2254 illuc
779 2200 879 2253 est
916 2182 1175 2279 patrem
1208 2210 1383 2272 esse,
1420 2200 1497 2253 ut
1538 2210 1798 2279 aequom
1819 2184 1935 2272 'st,
1983 2179 2162 2252 filio!

290 2408 514 2483 quidam
539 2408 635 2479 qui
664 2408 796 2461 vitia
834 2419 1061 2481 gestant.
1107 2408 1315 2483 Horum
1412 2408 1616 2461 buisses
1641 2408 1758 2461 haec
1785 2424 1958 2479 agere.
1989 2404 2134 2461 Vide
2168 2405 2315 2461 Pers.
2339 2410 2446 2475 IV,

292 2509 469 2545 sermo
491 2489 724 2541 multum
748 2501 941 2543 nocet:
964 2507 1089 2541 nam
1111 2488 1318 2543 etiamsi

292 2589 405 2623 non
440 2568 619 2623 statim
655 2568 831 2621 officit
850 2607 866 2633 ,
896 2567 1095 2621 semina
1123 2568 1180 2620 in
1205 2568 1319 2621 ani-

294 2668 386 2703 mo
414 2646 676 2719 relinquit
698 2672 750 2701 n.
771 2648 917 2701 Ean.

381 2732 473 2785 18.
510 2728 581 2781 Ut
610 2747 737 2781 nunc
768 2747 867 2779 mos
894 2739 998 2789 est,
1040 2744 1150 2799 quo
1174 2746 1321 2781 nunc

292 2826 447 2861 more
470 2809 687 2861 vivitur.
716 2806 905 2861 Ordoz
932 2807 989 2859 Si
1011 2825 1135 2860 vera
1165 2819 1321 2873 sunt,

293 2888 401 2942 hoc
454 2887 521 2941 ad
578 2906 847 2941 summum
894 2888 1021 2939 volo
1038 2926 1054 2951 ,
1118 2887 1322 2959 inspice

298 2969 530 3039 qualiter
558 2986 611 3020 se
636 2986 813 3021 mores
830 2984 976 3020 nunc
996 2968 1245 3030 habeant,
1268 2978 1323 3020 et

298 3047 386 3101 dic
409 3067 547 3100 num
574 3046 706 3117 quid
735 3048 936 3101 mirum
966 3047 1171 3101 fecerit.
1192 3048 1261 3101 N.

381 3146 477 3181 οι.
507 3128 679 3179 Vetus.
710 3128 817 3180 Alii
844 3127 997 3179 aliter
1018 3128 1121 3179 hoe
1151 3127 1323 3179 inter-

300 3208 494 3276 pretati
540 3220 685 3260 sunt.
728 3206 1019 3259 Lambinus
1052 3224 1067 3259 τ
1126 3232 1149 3255 ε
1182 3206 1323 3265 Nolo

300 3286 401 3341 hoc
420 3288 491 3339 ita
518 3305 659 3359 saepe
679 3286 837 3339 faciat
858 3298 920 3339 ut
944 3286 1011 3339 sit
1032 3286 1083 3339 ei
1102 3299 1254 3339 vetus
1270 3311 1321 3338 ι.

300 3366 501 3420 Petitus
522 3385 537 3420 ε
566 3390 589 3411 ι
611 3366 752 3419 ΝοΙο
778 3378 833 3419 et
858 3382 1024 3419 senex
1054 3366 1212 3419 faciat
1231 3402 1248 3429 ,
1276 3365 1323 3418 si

302 3446 611 3501 adulescens
632 3444 920 3499 assueverit
937 3468 960 3491 ι
974 3486 989 3499 .
1012 3444 1325 3517 Schmiede·

301 3545 430 3579 rus:
480 3552 504 3574 ι
532 3526 701 3581 Sinon
740 3544 855 3578 non
888 3544 1092 3579 novum
1122 3538 1232 3591 est,
1278 3524 1323 3577 si

302 3620 455 3659 vetus
481 3620 561 3659 est
594 3603 742 3676 quod
772 3604 935 3669 fecit„
976 3618 1155 3659 tamen
1195 3604 1323 3658 uolo

304 3686 459 3739 faciat
474 3712 520 3733 ι.
544 3685 823 3739 Potissima
850 3686 982 3737 mihi
1004 3686 1123 3738 haec
1143 3684 1323 3739 videa-

305 3777 397 3818 tur
451 3765 824 3837 interpretatio
844 3802 861 3831 ,
932 3765 1035 3819 nisi
1098 3764 1283 3817 malim
1306 3782 1321 3817 ε

312 3846 437 3897 «Tu
462 3865 573 3903 non
600 3844 809 3899 miraris
832 3844 980 3916 quod
1004 3846 1119 3907 haee
1141 3843 1327 3899 fecerit

306 3924 605 3981 adolescens
624 3920 819 3991 ho'mo;
844 3936 898 3977 at
916 3942 1012 3995 ego
1033 3936 1185 3978 vetus
1199 3926 1327 3977 nolo

310 4024 430 4057 eum
462 4006 539 4061 sic
580 4006 763 4059 facere
791 4030 839 4057 ι.
884 4004 973 4059 Sic
1001 4017 1141 4059 taxat
1165 4016 1327 4076 poeta

310 4086 522 4139 senilem
540 4084 928 4140 morositatem.
957 4085 1027 4137 N.

394 4185 481 4221 aa.
508 4168 609 4219 Vel
630 4179 685 4217 tu
726 4184 787 4217 ne
818 4166 1025 4231 faceres.
1072 4165 1197 4234 Ipse
1238 4175 1297 4215 tu
1316 4200 1335 4228 ,

314 4262 469 4315 quum
514 4245 830 4301 adolescens
875 4244 1021 4299 fuisti
1038 4282 1055 4309 ‚
1088 4263 1197 4297 non
1240 4242 1335 4297 de·

1418 2491 1451 2541 6
1474 2527 1489 2553 ,
1530 2490 1624 2543 28.

1502 2568 1594 2621 25.
1629 2568 1832 2621 Damni.
1866 2565 2123 2619 Damnosi
2155 2566 2447 2621 audiebant

1417 2646 1513 2719 qui
1533 2647 1734 2701 mu'ltos
1755 2646 2017 2699 faciebant
2041 2658 2268 2699 sumtus.
2285 2648 2448 2701 Cure.

1416 2728 1519 2792 IV,
1557 2744 1608 2793 1,
1651 2741 1748 2790 113
1787 2725 2040 2781 meretrix
2087 2739 2307 2779 vocatur
2349 2726 2446 2779 da·

1416 2826 1640 2871 mnum‚
1673 2807 1992 2861 Menoechm.
2032 2806 2088 2870 Ι,
2141 2825 2201 2863 a,
2247 2811 2448 2869 24.—

1418 2886 1617 2956 Flagt‘tc‘
1630 2908 1652 2949 ,-
1697 2887 1806 2939 hoc
1833 2886 2066 2957 pertinet
2113 2882 2184 2939 ad
2229 2886 2446 2941 famam.

1418 2966 1569 3021 Vide
1586 2966 1738 3019 Trin.
1763 2966 1850 3031 ΙΙ,
1880 2982 1930 3018 1.
1959 2964 2030 3017 N.

1426 3096 1440 3108 ,
1505 3067 1531 3101 a
1544 3051 1596 3100 6.
1627 3047 1820 3117 Populo
1836 3048 2023 3097 viritim
2041 3049 2206 3115 potuit
2225 3044 2450 3115 disper-ti-
2495 3076 2498 3083 ·

1424 3131 1538 3180 rior.
1567 3128 1794 3181 Certum
1825 3139 1904 3179 est
1931 3123 2098 3178 alludi
2125 3124 2193 3177 ad
2221 3126 2448 3177 viscera-

1424 3206 1616 3269 tiones,
1641 3207 1697 3258 in
1719 3206 1914 3277 quibus
1941 3204 2182 3275 singulis,
2206 3206 2300 3275 qui
2325 3204 2454 3257 ade-

1422 3299 1576 3351 raut,
1611 3299 1755 3339 certa
1793 3304 1918 3355 pars
1953 3285 2060 3337 cibi
2099 3282 2344 3337 dabatur.
2381 3285 2453 3336 Et

1422 3366 1527 3419 hoc
1547 3366 1665 3419 vult
1685 3384 1699 3417 ε
1722 3366 1858 3417 Tam
1887 3380 2077 3435 magna
2105 3377 2232 3415 sunt
2257 3362 2453 3435 flagitia

1422 3458 1533 3509 tua,
1560 3458 1620 3497 ut
1640 3446 1861 3498 cuilibet
1883 3462 1912 3497 e
1936 3444 2169 3515 populo,
2199 3459 2452 3513 tanquam

1420 3526 1477 3579 in
1508 3524 1725 3597 publica
1747 3524 2115 3589 visceratione,
2131 3542 2254 3594 pars
2271 3520 2456 3594 aliqua

1420 3603 1552 3657 inde
1575 3604 1692 3657 dari
1715 3606 1898 3675 possit.
1917 3602 2004 3656 Ad
2031 3601 2454 3675 magnitudinem

1421 3684 1589 3757 igitur
1619 3684 1886 3756 pertinet,
1929 3702 2040 3735 non
2061 3722 2075 3747 ,
2119 3681 2266 3754 quod
2295 3686 2458 3753 quui·-

1422 3765 1515 3817 bet
1545 3784 1575 3817 e
1605 3763 1809 3835 populo
1843 3779 1994 3815 suam
2024 3775 2234 3833 partem
2263 3764 2341 3817 ibi
2369 3765 2452 3817 in-

1422 3858 1682 3897 venturus
1709 3845 1798 3895 sit.
1829 3844 2048 3895 Ptsron.

1510 3943 1602 3993 27-
1635 3925 1900 3975 Patr-issac.
1923 3921 2065 3975 Vide
2085 3936 2239 3975 notas
2261 3925 2456 3979 Bacch.

1424 4002 1533 4069 ΙΙΙ,
1575 4004 1605 4056 3
1624 4042 1639 4068 ,
1691 4002 1785 4071 39.
1832 4001 2123 4057 Herodian.
2167 4004 2264 4057 lib.
2311 4006 2338 4057 Ι
2377 4004 2462 4057 di-

1430 4084 1503 4135 cit
1524 4083 1824 4152 πατρῶζειν.

1515 4166 1608 4216 28.
1672 4162 1934 4217 Conmodi.
1977 4164 2224 4228 Gallice,
2273 4168 2462 4215 raison-

1433 4242 1612 4295 nubles.
