<?xml version="1.0" encoding="UTF-8"?>
<!DOCTYPE html PUBLIC "-//W3C//DTD XHTML 1.0 Transitional//EN"
    "http://www.w3.org/TR/xhtml1/DTD/xhtml1-transitional.dtd">
<html xmlns="http://www.w3.org/1999/xhtml" xml:lang="en" lang="en">
 <head>
  <title>
</title>
<meta http-equiv="Content-Type" content="text/html;charset=utf-8" />
  <meta name='ocr-system' content='tesseract 3.04.00' />
  <meta name='ocr-capabilities' content='ocr_page ocr_carea ocr_par ocr_line ocrx_word'/>
</head>
<body>
  <div class='ocr_page' id='page_1' title='image "./macciiplauticom00naudgoog_0240.png"; bbox 0 0 3067 5017; ppageno 0'>
   <div class='ocr_carea' id='block_1_1' title="bbox 607 481 1905 567">
    <p class='ocr_par' dir='ltr' id='par_1_1' title="bbox 607 481 1905 567">
     <span class='ocr_line' id='line_1_1' title="bbox 607 481 1905 567; baseline -0.003 -10"><span class='ocrx_word' id='word_1_1' title='bbox 607 481 743 557; x_wconf 77' lang='lat'><strong>230</strong></span> <span class='ocrx_word' id='word_1_2' title='bbox 1437 484 1861 555; x_wconf 84' lang='lat' dir='ltr'><strong>RUDENS</strong></span> <span class='ocrx_word' id='word_1_3' title='bbox 1884 532 1905 567; x_wconf 90' lang='lat'>‚</span> 
     </span>
    </p>
   </div>
   <div class='ocr_carea' id='block_1_2' title="bbox 598 602 2749 1361">
    <p class='ocr_par' dir='ltr' id='par_1_2' title="bbox 604 602 2742 805">
     <span class='ocr_line' id='line_1_2' title="bbox 604 602 2742 702; baseline -0.002 -23"><span class='ocrx_word' id='word_1_4' title='bbox 604 604 830 679; x_wconf 80' lang='lat' dir='ltr'><strong>Credo</strong></span> <span class='ocrx_word' id='word_1_5' title='bbox 857 602 1154 699; x_wconf 85' lang='lat' dir='ltr'><strong>aliquem</strong></span> <span class='ocrx_word' id='word_1_6' title='bbox 1189 604 1602 693; x_wconf 81' lang='lat' dir='ltr'>inmersisse,</span> <span class='ocrx_word' id='word_1_7' title='bbox 1644 621 1845 702; x_wconf 85' lang='lat' dir='ltr'><strong>atque</strong></span> <span class='ocrx_word' id='word_1_8' title='bbox 1894 630 2045 675; x_wconf 90' lang='lat' dir='ltr'><strong>eum</strong></span> <span class='ocrx_word' id='word_1_9' title='bbox 2088 606 2462 700; x_wconf 72' lang='lat' dir='ltr'><strong>excepisse:</strong></span> <span class='ocrx_word' id='word_1_10' title='bbox 2502 606 2571 675; x_wconf 86' lang='lat' dir='ltr'><strong>id</strong></span> <span class='ocrx_word' id='word_1_11' title='bbox 2620 606 2742 675; x_wconf 90' lang='lat' dir='ltr'><strong>mi-</strong></span> 
     </span>
     <span class='ocr_line' id='line_1_3' title="bbox 894 714 2087 805; baseline 0.005 -22"><span class='ocrx_word' id='word_1_12' title='bbox 894 739 1038 783; x_wconf 86' lang='lat' dir='ltr'><strong>sera</strong></span> <span class='ocrx_word' id='word_1_13' title='bbox 1083 730 1314 784; x_wconf 87' lang='lat' dir='ltr'><strong>moesta</strong></span> <span class='ocrx_word' id='word_1_14' title='bbox 1334 714 1446 804; x_wconf 85' lang='lat' dir='ltr'><strong>&#39;st,</strong></span> <span class='ocrx_word' id='word_1_15' title='bbox 2066 786 2087 805; x_wconf 78' lang='lat'><strong>,</strong></span> 
     </span>
    </p>

    <p class='ocr_par' dir='ltr' id='par_1_3' title="bbox 598 824 2745 1022">
     <span class='ocr_line' id='line_1_4' title="bbox 598 824 2745 921; baseline -0.001 -26"><span class='ocrx_word' id='word_1_16' title='bbox 598 825 742 895; x_wconf 83' lang='lat' dir='ltr'>Sibi</span> <span class='ocrx_word' id='word_1_17' title='bbox 761 847 993 895; x_wconf 89' lang='lat' dir='ltr'><strong>eorum</strong></span> <span class='ocrx_word' id='word_1_18' title='bbox 1019 826 1312 895; x_wconf 88' lang='lat' dir='ltr'><strong>evenisse</strong></span> <span class='ocrx_word' id='word_1_19' title='bbox 1329 826 1653 921; x_wconf 89' lang='lat' dir='ltr'><strong>inopiam.</strong></span> <span class='ocrx_word' id='word_1_20' title='bbox 1682 848 1945 897; x_wconf 64' lang='lat' dir='ltr'><strong>nucu.</strong></span> <span class='ocrx_word' id='word_1_21' title='bbox 1966 827 2114 894; x_wconf 87' lang='lat' dir='ltr'><strong>Jam</strong></span> <span class='ocrx_word' id='word_1_22' title='bbox 2143 825 2311 893; x_wconf 79' lang='lat' dir='ltr'><strong>istoc</strong></span> <span class='ocrx_word' id='word_1_23' title='bbox 2341 824 2556 919; x_wconf 86' lang='lat' dir='ltr'><strong>magis</strong></span> <span class='ocrx_word' id='word_1_24' title='bbox 2583 848 2745 893; x_wconf 86' lang='lat' dir='ltr'><strong>usus</strong></span> 
     </span>
     <span class='ocr_line' id='line_1_5' title="bbox 893 935 1214 1022; baseline 0.009 -19"><span class='ocrx_word' id='word_1_25' title='bbox 893 935 1172 1006; x_wconf 85' lang='lat' dir='ltr'><strong>facto’st</strong></span> <span class='ocrx_word' id='word_1_26' title='bbox 1193 990 1214 1022; x_wconf 93' lang='lat'><strong>,</strong></span> 
     </span>
    </p>

    <p class='ocr_par' dir='ltr' id='par_1_4' title="bbox 599 1043 2743 1141">
     <span class='ocr_line' id='line_1_6' title="bbox 599 1043 2743 1141; baseline -0 -26"><span class='ocrx_word' id='word_1_27' title='bbox 599 1047 698 1115; x_wconf 91' lang='lat' dir='ltr'><strong>Ut</strong></span> <span class='ocrx_word' id='word_1_28' title='bbox 726 1070 869 1114; x_wconf 90' lang='lat' dir='ltr'><strong>eam</strong></span> <span class='ocrx_word' id='word_1_29' title='bbox 903 1048 1081 1115; x_wconf 91' lang='lat' dir='ltr'><strong>intro</strong></span> <span class='ocrx_word' id='word_1_30' title='bbox 1106 1044 1589 1141; x_wconf 87' lang='lat' dir='ltr'><strong>„consolerque</strong></span> <span class='ocrx_word' id='word_1_31' title='bbox 1608 1071 1754 1115; x_wconf 89' lang='lat' dir='ltr'><strong>eam</strong></span> <span class='ocrx_word' id='word_1_32' title='bbox 1774 1099 1793 1132; x_wconf 98' lang='lat'><strong>,</strong></span> <span class='ocrx_word' id='word_1_33' title='bbox 1813 1070 1898 1115; x_wconf 91' lang='lat' dir='ltr'><strong>ne</strong></span> <span class='ocrx_word' id='word_1_34' title='bbox 1922 1071 1991 1114; x_wconf 90' lang='lat' dir='ltr'><strong>se</strong></span> <span class='ocrx_word' id='word_1_35' title='bbox 2022 1045 2117 1115; x_wconf 88' lang='lat' dir='ltr'><strong>sic</strong></span> <span class='ocrx_word' id='word_1_36' title='bbox 2144 1044 2482 1113; x_wconf 83' lang='lat' dir='ltr'><strong>excruciet</strong></span> <span class='ocrx_word' id='word_1_37' title='bbox 2508 1043 2743 1114; x_wconf 59' lang='lat' dir='ltr'><strong>animi}</strong></span> 
     </span>
    </p>

    <p class='ocr_par' dir='ltr' id='par_1_5' title="bbox 598 1152 2501 1249">
     <span class='ocr_line' id='line_1_7' title="bbox 598 1152 2501 1249; baseline -0.002 -22"><span class='ocrx_word' id='word_1_38' title='bbox 598 1156 775 1227; x_wconf 77' lang='lat' dir='ltr'><strong>Nam</strong></span> <span class='ocrx_word' id='word_1_39' title='bbox 805 1152 1016 1224; x_wconf 88' lang='lat' dir='ltr'><strong>multa</strong></span> <span class='ocrx_word' id='word_1_40' title='bbox 1045 1169 1286 1249; x_wconf 86' lang='lat' dir='ltr'><strong>praeter</strong></span> <span class='ocrx_word' id='word_1_41' title='bbox 1321 1180 1506 1249; x_wconf 87' lang='lat' dir='ltr'><strong>spem</strong></span> <span class='ocrx_word' id='word_1_42' title='bbox 1540 1156 1676 1226; x_wconf 84' lang='lat' dir='ltr'><strong>scio</strong></span> <span class='ocrx_word' id='word_1_43' title='bbox 1708 1154 1936 1225; x_wconf 88' lang='lat' dir='ltr'><strong>multis</strong></span> <span class='ocrx_word' id='word_1_44' title='bbox 1972 1155 2151 1224; x_wconf 87' lang='lat' dir='ltr'><strong>hona</strong></span> <span class='ocrx_word' id='word_1_45' title='bbox 2181 1154 2501 1223; x_wconf 80' lang='lat' dir='ltr'><strong>evenisse.</strong></span> 
     </span>
    </p>

    <p class='ocr_par' dir='ltr' id='par_1_6' title="bbox 598 1263 2749 1361">
     <span class='ocr_line' id='line_1_8' title="bbox 598 1263 2749 1361; baseline -0.003 -24"><span class='ocrx_word' id='word_1_46' title='bbox 598 1288 778 1337; x_wconf 71' lang='grc' dir='ltr'><strong>ΑΜΡ.</strong></span> <span class='ocrx_word' id='word_1_47' title='bbox 847 1270 940 1335; x_wconf 84' lang='lat' dir='ltr'><strong>At</strong></span> <span class='ocrx_word' id='word_1_48' title='bbox 997 1290 1122 1359; x_wconf 84' lang='lat' dir='ltr'><strong>ego</strong></span> <span class='ocrx_word' id='word_1_49' title='bbox 1171 1266 1407 1351; x_wconf 88' lang='lat' dir='ltr'><strong>etiam,</strong></span> <span class='ocrx_word' id='word_1_50' title='bbox 1475 1266 1593 1361; x_wconf 91' lang='lat' dir='ltr'><strong>qui</strong></span> <span class='ocrx_word' id='word_1_51' title='bbox 1646 1266 2091 1361; x_wconf 87' lang='lat' dir='ltr'><strong>speraverint,</strong></span> <span class='ocrx_word' id='word_1_52' title='bbox 2158 1289 2347 1359; x_wconf 90' lang='lat' dir='ltr'><strong>spem</strong></span> <span class='ocrx_word' id='word_1_53' title='bbox 2412 1263 2749 1357; x_wconf 81' lang='lat' dir='ltr'><strong>decepisse</strong></span> 
     </span>
    </p>
   </div>
   <div class='ocr_carea' id='block_1_3' title="bbox 596 1373 2751 1664">
    <p class='ocr_par' dir='ltr' id='par_1_7' title="bbox 596 1373 2751 1664">
     <span class='ocr_line' id='line_1_9' title="bbox 894 1373 2751 1444; baseline 0.001 -2"><span class='ocrx_word' id='word_1_54' title='bbox 894 1373 1165 1443; x_wconf 78' lang='lat' dir='ltr'><strong>multos,</strong></span> <span class='ocrx_word' id='word_1_55' title='bbox 2695 1405 2751 1444; x_wconf 83' lang='lat'><strong>⁰1⁰</strong></span> 
     </span>
     <span class='ocr_line' id='line_1_10' title="bbox 596 1480 2751 1581; baseline -0.002 -26"><span class='ocrx_word' id='word_1_56' title='bbox 596 1507 856 1555; x_wconf 67' lang='lat' dir='ltr'><strong>Tuon.</strong></span> <span class='ocrx_word' id='word_1_57' title='bbox 893 1486 1072 1578; x_wconf 86' lang='lat' dir='ltr'><strong>Ergo</strong></span> <span class='ocrx_word' id='word_1_58' title='bbox 1111 1483 1378 1555; x_wconf 85' lang='lat' dir='ltr'><strong>animus</strong></span> <span class='ocrx_word' id='word_1_59' title='bbox 1413 1509 1639 1580; x_wconf 83' lang='lat' dir='ltr'><strong>aequos</strong></span> <span class='ocrx_word' id='word_1_60' title='bbox 1670 1483 2048 1581; x_wconf 86' lang='lat' dir='ltr'><strong>optumum&#39;</strong></span> <span class='ocrx_word' id='word_1_61' title='bbox 2060 1498 2129 1553; x_wconf 86' lang='lat' dir='ltr'><strong>st</strong></span> <span class='ocrx_word' id='word_1_62' title='bbox 2166 1506 2485 1553; x_wconf 77' lang='lat' dir='ltr'><strong>aerumnae</strong></span> <span class='ocrx_word' id='word_1_63' title='bbox 2520 1480 2751 1553; x_wconf 87' lang='lat' dir='ltr'><strong>condi-</strong></span> 
     </span>
     <span class='ocr_line' id='line_1_11' title="bbox 891 1609 1217 1664; baseline 0.006 -2"><span class='ocrx_word' id='word_1_64' title='bbox 891 1609 1217 1664; x_wconf 89' lang='lat' dir='ltr'><strong>mentum.</strong></span> 
     </span>
    </p>
   </div>
   <div class='ocr_carea' id='block_1_4' title="bbox 598 1701 2757 3471">
    <p class='ocr_par' dir='ltr' id='par_1_8' title="bbox 601 1701 2753 1910">
     <span class='ocr_line' id='line_1_12' title="bbox 601 1701 2753 1800; baseline -0.003 -23"><span class='ocrx_word' id='word_1_65' title='bbox 601 1707 748 1799; x_wconf 79' lang='lat' dir='ltr'><strong>Ego</strong></span> <span class='ocrx_word' id='word_1_66' title='bbox 787 1731 866 1775; x_wconf 90' lang='lat' dir='ltr'><strong>eo</strong></span> <span class='ocrx_word' id='word_1_67' title='bbox 905 1706 1123 1794; x_wconf 88' lang='lat' dir='ltr'><strong>intro,</strong></span> <span class='ocrx_word' id='word_1_68' title='bbox 1153 1705 1282 1775; x_wconf 83' lang='lat' dir='ltr'><strong>nisi</strong></span> <span class='ocrx_word' id='word_1_69' title='bbox 1318 1705 1484 1800; x_wconf 91' lang='lat' dir='ltr'><strong>quid</strong></span> <span class='ocrx_word' id='word_1_70' title='bbox 1517 1707 1637 1777; x_wconf 86' lang='lat' dir='ltr'><strong>vis.</strong></span> <span class='ocrx_word' id='word_1_71' title='bbox 1672 1724 1732 1781; x_wconf 73' lang='grc' dir='ltr'><strong>(ιι</strong></span> <span class='ocrx_word' id='word_1_72' title='bbox 1757 1725 1911 1781; x_wconf 67' lang='lat' dir='ltr'><strong>snm.)</strong></span> <span class='ocrx_word' id='word_1_73' title='bbox 1946 1730 2123 1777; x_wconf 72' lang='grc' dir='ltr'><strong>ΑΜΡ.</strong></span> <span class='ocrx_word' id='word_1_74' title='bbox 2164 1708 2334 1792; x_wconf 82' lang='lat' dir='ltr'><strong>Eas3</strong></span> <span class='ocrx_word' id='word_1_75' title='bbox 2368 1728 2532 1798; x_wconf 85' lang='lat' dir='ltr'><strong>ego,</strong></span> <span class='ocrx_word' id='word_1_76' title='bbox 2564 1701 2753 1797; x_wconf 90' lang='lat' dir='ltr'><strong>quod</strong></span> 
     </span>
     <span class='ocr_line' id='line_1_13' title="bbox 899 1815 1433 1910; baseline 0.002 -26"><span class='ocrx_word' id='word_1_77' title='bbox 899 1815 1065 1885; x_wconf 88' lang='lat' dir='ltr'><strong>mihi</strong></span> <span class='ocrx_word' id='word_1_78' title='bbox 1102 1816 1433 1910; x_wconf 83' lang='lat' dir='ltr'><strong>inperavit</strong></span> 
     </span>
    </p>

    <p class='ocr_par' dir='ltr' id='par_1_9' title="bbox 604 1922 2748 2026">
     <span class='ocr_line' id='line_1_14' title="bbox 604 1922 2748 2026; baseline -0.003 -29"><span class='ocrx_word' id='word_1_79' title='bbox 604 1925 928 1997; x_wconf 77' lang='lat' dir='ltr'><strong>Sacerdos</strong></span> <span class='ocrx_word' id='word_1_80' title='bbox 948 1978 968 2013; x_wconf 94' lang='lat'><strong>,</strong></span> <span class='ocrx_word' id='word_1_81' title='bbox 983 1925 1053 1995; x_wconf 88' lang='lat' dir='ltr'><strong>id</strong></span> <span class='ocrx_word' id='word_1_82' title='bbox 1075 1926 1338 2012; x_wconf 85' lang='lat' dir='ltr'><strong>faciam,</strong></span> <span class='ocrx_word' id='word_1_83' title='bbox 1353 1940 1557 2021; x_wconf 72' lang='lat' dir='ltr'><strong>atque</strong></span> <span class='ocrx_word' id='word_1_84' title='bbox 1574 1951 1815 2020; x_wconf 88' lang='lat' dir='ltr'><strong>aquam</strong></span> <span class='ocrx_word' id='word_1_85' title='bbox 1835 1925 1995 1995; x_wconf 89' lang='lat' dir='ltr'><strong>hinc</strong></span> <span class='ocrx_word' id='word_1_86' title='bbox 2011 1925 2095 1995; x_wconf 92' lang='lat' dir='ltr'><strong>de</strong></span> <span class='ocrx_word' id='word_1_87' title='bbox 2118 1948 2453 2021; x_wconf 85' lang='lat' dir='ltr'><strong>proxumo</strong></span> <span class='ocrx_word' id='word_1_88' title='bbox 2472 1922 2748 2026; x_wconf 75' lang='lat' dir='ltr'><strong>rogabo.</strong></span> 
     </span>
    </p>

    <p class='ocr_par' dir='ltr' id='par_1_10' title="bbox 599 2033 2597 2130">
     <span class='ocr_line' id='line_1_15' title="bbox 599 2033 2597 2130; baseline -0.003 -24"><span class='ocrx_word' id='word_1_89' title='bbox 599 2038 779 2107; x_wconf 86' lang='lat' dir='ltr'><strong>Nam</strong></span> <span class='ocrx_word' id='word_1_90' title='bbox 807 2033 1178 2128; x_wconf 84' lang='lat' dir='ltr'><strong>extemp10,</strong></span> <span class='ocrx_word' id='word_1_91' title='bbox 1213 2036 1267 2103; x_wconf 91' lang='lat' dir='ltr'><strong>si</strong></span> <span class='ocrx_word' id='word_1_92' title='bbox 1303 2036 1518 2104; x_wconf 89' lang='lat' dir='ltr'><strong>verbis</strong></span> <span class='ocrx_word' id='word_1_93' title='bbox 1550 2038 1686 2105; x_wconf 90' lang='lat' dir='ltr'><strong>suis</strong></span> <span class='ocrx_word' id='word_1_94' title='bbox 1721 2052 2053 2130; x_wconf 83' lang='lat' dir='ltr'><strong>peterem,</strong></span> <span class='ocrx_word' id='word_1_95' title='bbox 2091 2035 2365 2105; x_wconf 83' lang='lat' dir='ltr'><strong>daturos</strong></span> <span class='ocrx_word' id='word_1_96' title='bbox 2390 2034 2597 2103; x_wconf 85' lang='lat' dir='ltr'>dixit:</span> 
     </span>
    </p>

    <p class='ocr_par' dir='ltr' id='par_1_11' title="bbox 598 2145 2751 2240">
     <span class='ocr_line' id='line_1_16' title="bbox 598 2145 2751 2240; baseline -0.002 -24"><span class='ocrx_word' id='word_1_97' title='bbox 598 2148 840 2239; x_wconf 86' lang='lat' dir='ltr'><strong>Neque</strong></span> <span class='ocrx_word' id='word_1_98' title='bbox 868 2145 1240 2238; x_wconf 84' lang='lat' dir='ltr'><strong>digniorem</strong></span> <span class='ocrx_word' id='word_1_99' title='bbox 1273 2171 1513 2216; x_wconf 90' lang='lat' dir='ltr'><strong>censeo</strong></span> <span class='ocrx_word' id='word_1_100' title='bbox 1540 2146 1779 2217; x_wconf 90' lang='lat' dir='ltr'><strong>vidisse</strong></span> <span class='ocrx_word' id='word_1_101' title='bbox 1804 2171 2013 2217; x_wconf 86' lang='lat' dir='ltr'><strong>anum</strong></span> <span class='ocrx_word' id='word_1_102' title='bbox 2042 2171 2148 2215; x_wconf 88' lang='lat' dir='ltr'><strong>me</strong></span> <span class='ocrx_word' id='word_1_103' title='bbox 2175 2169 2579 2240; x_wconf 84' lang='lat' dir='ltr'><strong>quemquam</strong></span> <span class='ocrx_word' id='word_1_104' title='bbox 2599 2174 2653 2231; x_wconf 94' lang='lat'><strong>,·</strong></span> <span class='ocrx_word' id='word_1_105' title='bbox 2696 2157 2751 2212; x_wconf 82' lang='lat'><strong>7⁵</strong></span> 
     </span>
    </p>

    <p class='ocr_par' dir='ltr' id='par_1_12' title="bbox 602 2254 2748 2349">
     <span class='ocr_line' id='line_1_17' title="bbox 602 2254 2748 2349; baseline -0.001 -24"><span class='ocrx_word' id='word_1_106' title='bbox 602 2255 786 2349; x_wconf 82' lang='lat' dir='ltr'><strong>Quoi</strong></span> <span class='ocrx_word' id='word_1_107' title='bbox 809 2255 966 2325; x_wconf 86' lang='lat' dir='ltr'><strong>deos</strong></span> <span class='ocrx_word' id='word_1_108' title='bbox 985 2269 1187 2349; x_wconf 88' lang='lat' dir='ltr'><strong>atque</strong></span> <span class='ocrx_word' id='word_1_109' title='bbox 1205 2256 1512 2327; x_wconf 90' lang='lat' dir='ltr'><strong>homines</strong></span> <span class='ocrx_word' id='word_1_110' title='bbox 1531 2283 1839 2327; x_wconf 81' lang='lat' dir='ltr'><strong>censeam</strong></span> <span class='ocrx_word' id='word_1_111' title='bbox 1862 2256 2249 2327; x_wconf 83' lang='lat' dir='ltr'><strong>benefacere</strong></span> <span class='ocrx_word' id='word_1_112' title='bbox 2266 2256 2477 2349; x_wconf 85' lang='lat' dir='ltr'><strong>magis</strong></span> <span class='ocrx_word' id='word_1_113' title='bbox 2494 2254 2748 2323; x_wconf 90' lang='lat' dir='ltr'><strong>decere.</strong></span> 
     </span>
    </p>

    <p class='ocr_par' dir='ltr' id='par_1_13' title="bbox 601 2365 2709 2463">
     <span class='ocr_line' id='line_1_18' title="bbox 601 2365 2709 2463; baseline -0.002 -27"><span class='ocrx_word' id='word_1_114' title='bbox 601 2369 698 2436; x_wconf 88' lang='lat' dir='ltr'><strong>Ut</strong></span> <span class='ocrx_word' id='word_1_115' title='bbox 735 2365 986 2462; x_wconf 87' lang='lat' dir='ltr'><strong>lepide,</strong></span> <span class='ocrx_word' id='word_1_116' title='bbox 1026 2382 1102 2436; x_wconf 92' lang='lat' dir='ltr'><strong>ut</strong></span> <span class='ocrx_word' id='word_1_117' title='bbox 1138 2366 1525 2463; x_wconf 65' lang='lat' dir='ltr'><strong>liberaliter,</strong></span> <span class='ocrx_word' id='word_1_118' title='bbox 1553 2382 1627 2435; x_wconf 92' lang='lat' dir='ltr'><strong>ut</strong></span> <span class='ocrx_word' id='word_1_119' title='bbox 1656 2368 1967 2455; x_wconf 85' lang='lat' dir='ltr'><strong>honeste,</strong></span> <span class='ocrx_word' id='word_1_120' title='bbox 1996 2382 2198 2460; x_wconf 88' lang='lat' dir='ltr'><strong>atque</strong></span> <span class='ocrx_word' id='word_1_121' title='bbox 2223 2365 2407 2434; x_wconf 90' lang='lat' dir='ltr'><strong>haud</strong></span> <span class='ocrx_word' id='word_1_122' title='bbox 2438 2378 2709 2459; x_wconf 87' lang='lat' dir='ltr'><strong>gravate</strong></span> 
     </span>
    </p>

    <p class='ocr_par' dir='ltr' id='par_1_14' title="bbox 601 2476 2360 2573">
     <span class='ocr_line' id='line_1_19' title="bbox 601 2476 2360 2573; baseline -0.001 -26"><span class='ocrx_word' id='word_1_123' title='bbox 601 2477 940 2563; x_wconf 80' lang='lat' dir='ltr'><strong>Timidas,</strong></span> <span class='ocrx_word' id='word_1_124' title='bbox 973 2478 1298 2573; x_wconf 72' lang='lat' dir='ltr'><strong>egenteis,</strong></span> <span class='ocrx_word' id='word_1_125' title='bbox 1337 2477 1603 2563; x_wconf 75' lang='lat' dir='ltr'><strong>uvidaS,</strong></span> <span class='ocrx_word' id='word_1_126' title='bbox 1638 2479 1913 2571; x_wconf 79' lang='lat' dir='ltr'><strong>ejectaS,</strong></span> <span class='ocrx_word' id='word_1_127' title='bbox 1950 2476 2360 2547; x_wconf 85' lang='lat' dir='ltr'><strong>exanimatas</strong></span> 
     </span>
    </p>

    <p class='ocr_par' dir='ltr' id='par_1_15' title="bbox 604 2584 2750 2682">
     <span class='ocr_line' id='line_1_20' title="bbox 604 2584 2750 2682; baseline -0.002 -25"><span class='ocrx_word' id='word_1_128' title='bbox 604 2585 896 2682; x_wconf 87' lang='lat' dir='ltr'><strong>Adcepit</strong></span> <span class='ocrx_word' id='word_1_129' title='bbox 928 2586 1015 2657; x_wconf 83' lang='lat' dir='ltr'><strong>ad</strong></span> <span class='ocrx_word' id='word_1_130' title='bbox 1043 2584 1218 2657; x_wconf 86' lang='lat' dir='ltr'><strong>sese!</strong></span> <span class='ocrx_word' id='word_1_131' title='bbox 1257 2588 1438 2657; x_wconf 86' lang='lat' dir='ltr'><strong>haud</strong></span> <span class='ocrx_word' id='word_1_132' title='bbox 1473 2587 1661 2657; x_wconf 84' lang='lat' dir='ltr'><strong>secus</strong></span> <span class='ocrx_word' id='word_1_133' title='bbox 1681 2640 1703 2673; x_wconf 92' lang='lat'><strong>,</strong></span> <span class='ocrx_word' id='word_1_134' title='bbox 1733 2613 1935 2682; x_wconf 88' lang='lat' dir='ltr'><strong>quam</strong></span> <span class='ocrx_word' id='word_1_135' title='bbox 1962 2589 2014 2656; x_wconf 87' lang='lat' dir='ltr'><strong>si</strong></span> <span class='ocrx_word' id='word_1_136' title='bbox 2046 2613 2127 2656; x_wconf 84' lang='lat' dir='ltr'><strong>ex</strong></span> <span class='ocrx_word' id='word_1_137' title='bbox 2160 2611 2229 2655; x_wconf 88' lang='lat' dir='ltr'><strong>se</strong></span> <span class='ocrx_word' id='word_1_138' title='bbox 2262 2586 2470 2655; x_wconf 89' lang='lat' dir='ltr'><strong>simus</strong></span> <span class='ocrx_word' id='word_1_139' title='bbox 2496 2598 2750 2679; x_wconf 71' lang='lat' dir='ltr'><strong>gnatae:</strong></span> 
     </span>
    </p>

    <p class='ocr_par' dir='ltr' id='par_1_16' title="bbox 603 2690 2757 2792">
     <span class='ocr_line' id='line_1_21' title="bbox 603 2690 2757 2792; baseline -0.003 -24"><span class='ocrx_word' id='word_1_140' title='bbox 603 2700 703 2769; x_wconf 90' lang='lat' dir='ltr'><strong>Ut</strong></span> <span class='ocrx_word' id='word_1_141' title='bbox 734 2722 931 2792; x_wconf 88' lang='lat' dir='ltr'><strong>eapse</strong></span> <span class='ocrx_word' id='word_1_142' title='bbox 967 2698 1060 2767; x_wconf 91' lang='lat' dir='ltr'><strong>sic</strong></span> <span class='ocrx_word' id='word_1_143' title='bbox 1095 2698 1440 2773; x_wconf 81' lang='lat' dir='ltr'><strong>subcincta</strong></span> <span class='ocrx_word' id='word_1_144' title='bbox 1477 2722 1721 2792; x_wconf 85' lang='lat' dir='ltr'><strong>aquam</strong></span> <span class='ocrx_word' id='word_1_145' title='bbox 1758 2695 2138 2784; x_wconf 78' lang='lat' dir='ltr'><strong>calefactat,</strong></span> <span class='ocrx_word' id='word_1_146' title='bbox 2176 2710 2254 2764; x_wconf 88' lang='lat' dir='ltr'><strong>ut</strong></span> <span class='ocrx_word' id='word_1_147' title='bbox 2280 2690 2613 2763; x_wconf 79' lang='lat' dir='ltr'><strong>lavemus!</strong></span> <span class='ocrx_word' id='word_1_148' title='bbox 2690 2714 2757 2785; x_wconf 65' lang='lat' dir='ltr'><strong>po</strong></span> 
     </span>
    </p>

    <p class='ocr_par' dir='ltr' id='par_1_17' title="bbox 604 2802 2753 2902">
     <span class='ocr_line' id='line_1_22' title="bbox 604 2802 2753 2902; baseline -0.004 -24"><span class='ocrx_word' id='word_1_149' title='bbox 604 2810 808 2879; x_wconf 82' lang='lat' dir='ltr'><strong>Nunc</strong></span> <span class='ocrx_word' id='word_1_150' title='bbox 851 2834 938 2877; x_wconf 90' lang='lat' dir='ltr'><strong>ne</strong></span> <span class='ocrx_word' id='word_1_151' title='bbox 978 2832 1184 2877; x_wconf 81' lang='lat' dir='ltr'><strong>morae</strong></span> <span class='ocrx_word' id='word_1_152' title='bbox 1225 2806 1324 2876; x_wconf 91' lang='lat' dir='ltr'><strong>illi</strong></span> <span class='ocrx_word' id='word_1_153' title='bbox 1363 2809 1532 2895; x_wconf 89' lang='lat' dir='ltr'><strong>sim,</strong></span> <span class='ocrx_word' id='word_1_154' title='bbox 1574 2823 1797 2902; x_wconf 84' lang='lat' dir='ltr'><strong>petam</strong></span> <span class='ocrx_word' id='word_1_155' title='bbox 1837 2806 1999 2875; x_wconf 87' lang='lat' dir='ltr'><strong>hinc</strong></span> <span class='ocrx_word' id='word_1_156' title='bbox 2036 2830 2318 2901; x_wconf 80' lang='lat' dir='ltr'><strong>aquam,</strong></span> <span class='ocrx_word' id='word_1_157' title='bbox 2362 2802 2541 2873; x_wconf 87' lang='lat' dir='ltr'><strong>unde</strong></span> <span class='ocrx_word' id='word_1_158' title='bbox 2580 2802 2753 2871; x_wconf 86' lang='lat' dir='ltr'><strong>mihi</strong></span> 
     </span>
    </p>

    <p class='ocr_par' dir='ltr' id='par_1_18' title="bbox 803 2904 1254 3012">
     <span class='ocr_line' id='line_1_23' title="bbox 803 2904 1254 3012; baseline 0.004 -26"><span class='ocrx_word' id='word_1_159' title='bbox 803 2904 814 2909; x_wconf 46' lang='grc'><strong><em>’</em></strong></span> <span class='ocrx_word' id='word_1_160' title='bbox 901 2919 1254 3012; x_wconf 86' lang='lat' dir='ltr'><strong>inperavit.</strong></span> 
     </span>
    </p>

    <p class='ocr_par' dir='ltr' id='par_1_19' title="bbox 608 3022 2755 3122">
     <span class='ocr_line' id='line_1_24' title="bbox 608 3022 2755 3122; baseline -0.003 -25"><span class='ocrx_word' id='word_1_161' title='bbox 608 3031 825 3115; x_wconf 81' lang='lat' dir='ltr'><strong>HeuS,</strong></span> <span class='ocrx_word' id='word_1_162' title='bbox 895 3029 1120 3122; x_wconf 88' lang='lat' dir='ltr'><strong>ecquis</strong></span> <span class='ocrx_word' id='word_1_163' title='bbox 1181 3029 1252 3095; x_wconf 88' lang='lat' dir='ltr'><strong>in</strong></span> <span class='ocrx_word' id='word_1_164' title='bbox 1306 3026 1608 3098; x_wconf 80' lang='lat' dir='ltr'><strong>villa’st?</strong></span> <span class='ocrx_word' id='word_1_165' title='bbox 1665 3028 1903 3122; x_wconf 82' lang='lat' dir='ltr'><strong>ecquis</strong></span> <span class='ocrx_word' id='word_1_166' title='bbox 1952 3027 2084 3097; x_wconf 91' lang='lat' dir='ltr'><strong>hoc</strong></span> <span class='ocrx_word' id='word_1_167' title='bbox 2135 3022 2470 3095; x_wconf 81' lang='lat' dir='ltr'><strong>recludit?</strong></span> <span class='ocrx_word' id='word_1_168' title='bbox 2524 3023 2755 3117; x_wconf 89' lang='lat' dir='ltr'><strong>ecquis</strong></span> 
     </span>
    </p>

    <p class='ocr_par' dir='ltr' id='par_1_20' title="bbox 609 3136 2757 3471">
     <span class='ocr_line' id='line_1_25' title="bbox 903 3136 1333 3241; baseline 0.005 -36"><span class='ocrx_word' id='word_1_169' title='bbox 903 3136 1179 3241; x_wconf 81' lang='lat' dir='ltr'><strong>prodit?</strong></span> <span class='ocrx_word' id='word_1_170' title='bbox 1329 3138 1333 3143; x_wconf 68' lang='grc'><strong><em>’</em></strong></span> 
     </span>
     <span class='ocr_line' id='line_1_26' title="bbox 691 3310 2757 3391; baseline -0.002 -22"><span class='ocrx_word' id='word_1_171' title='bbox 691 3318 788 3369; x_wconf 80' lang='grc'><strong>66.</strong></span> <span class='ocrx_word' id='word_1_172' title='bbox 818 3316 1009 3381; x_wconf 76' lang='lat' dir='ltr'><strong>Credo,</strong></span> <span class='ocrx_word' id='word_1_173' title='bbox 1031 3328 1134 3370; x_wconf 87' lang='lat' dir='ltr'><strong>etc.</strong></span> <span class='ocrx_word' id='word_1_174' title='bbox 1162 3315 1403 3391; x_wconf 74' lang='lat' dir='ltr'><strong>Aliquis,</strong></span> <span class='ocrx_word' id='word_1_175' title='bbox 1434 3315 1632 3385; x_wconf 78' lang='lat' dir='ltr'><strong>credo,</strong></span> <span class='ocrx_word' id='word_1_176' title='bbox 1717 3319 1889 3372; x_wconf 84' lang='lat' dir='ltr'><strong>levem</strong></span> <span class='ocrx_word' id='word_1_177' title='bbox 1923 3343 1946 3365; x_wconf 72' lang='grc' dir='ltr'><strong>ι</strong></span> <span class='ocrx_word' id='word_1_178' title='bbox 1964 3356 1980 3382; x_wconf 85' lang='grc'>,</span> <span class='ocrx_word' id='word_1_179' title='bbox 2012 3316 2142 3369; x_wconf 85' lang='lat' dir='ltr'><strong>Met.</strong></span> <span class='ocrx_word' id='word_1_180' title='bbox 2161 3316 2316 3369; x_wconf 83' lang='lat' dir='ltr'><strong>VIII.</strong></span> <span class='ocrx_word' id='word_1_181' title='bbox 2358 3315 2461 3367; x_wconf 76' lang='lat' dir='ltr'><strong>Par</strong></span> <span class='ocrx_word' id='word_1_182' title='bbox 2493 3310 2757 3367; x_wconf 66' lang='lat' dir='ltr'><strong>sententia</strong></span> 
     </span>
     <span class='ocr_line' id='line_1_27' title="bbox 609 3394 2215 3471; baseline -0.002 -20"><span class='ocrx_word' id='word_1_183' title='bbox 609 3415 666 3451; x_wconf 73' lang='grc' dir='ltr'><strong>ιο</strong></span> <span class='ocrx_word' id='word_1_184' title='bbox 711 3396 766 3448; x_wconf 87' lang='lat' dir='ltr'><strong>in</strong></span> <span class='ocrx_word' id='word_1_185' title='bbox 817 3414 962 3448; x_wconf 75' lang='lat' dir='ltr'><strong>mare</strong></span> <span class='ocrx_word' id='word_1_186' title='bbox 1015 3394 1249 3468; x_wconf 78' lang='lat' dir='ltr'><strong>dejecit,</strong></span> <span class='ocrx_word' id='word_1_187' title='bbox 1286 3410 1340 3451; x_wconf 90' lang='lat' dir='ltr'><strong>et</strong></span> <span class='ocrx_word' id='word_1_188' title='bbox 1383 3396 1633 3451; x_wconf 80' lang='lat' dir='ltr'><strong>vidulum</strong></span> <span class='ocrx_word' id='word_1_189' title='bbox 1720 3396 2043 3471; x_wconf 71' lang='lat' dir='ltr'><strong>captiv.11‚</strong></span> <span class='ocrx_word' id='word_1_190' title='bbox 2082 3415 2133 3461; x_wconf 87' lang='lat'><strong>1,</strong></span> <span class='ocrx_word' id='word_1_191' title='bbox 2164 3416 2215 3449; x_wconf 62' lang='grc' dir='ltr'><strong>π.</strong></span> 
     </span>
    </p>
   </div>
   <div class='ocr_carea' id='block_1_5' title="bbox 605 3468 2759 3789">
    <p class='ocr_par' dir='ltr' id='par_1_21' title="bbox 605 3468 2756 3703">
     <span class='ocr_line' id='line_1_28' title="bbox 605 3468 2756 3550; baseline -0.002 -21"><span class='ocrx_word' id='word_1_192' title='bbox 605 3488 851 3546; x_wconf 82' lang='lat' dir='ltr'><strong>ereptum</strong></span> <span class='ocrx_word' id='word_1_193' title='bbox 881 3474 1038 3529; x_wconf 85' lang='lat' dir='ltr'><strong>undis</strong></span> <span class='ocrx_word' id='word_1_194' title='bbox 1065 3478 1310 3531; x_wconf 82' lang='lat' dir='ltr'><strong>servavit.</strong></span> <span class='ocrx_word' id='word_1_195' title='bbox 1339 3508 1420 3519; x_wconf 76' lang='lat'><strong>-·</strong></span> <span class='ocrx_word' id='word_1_196' title='bbox 1447 3478 1635 3531; x_wconf 80' lang='lat' dir='ltr'><strong>Misera</strong></span> <span class='ocrx_word' id='word_1_197' title='bbox 1804 3498 1896 3550; x_wconf 75' lang='lat'><strong>7²·</strong></span> <span class='ocrx_word' id='word_1_198' title='bbox 1917 3476 2033 3531; x_wconf 75' lang='lat' dir='ltr'><strong>Nisi</strong></span> <span class='ocrx_word' id='word_1_199' title='bbox 2059 3476 2180 3549; x_wconf 72' lang='lat' dir='ltr'><strong>quid</strong></span> <span class='ocrx_word' id='word_1_200' title='bbox 2197 3478 2294 3528; x_wconf 77' lang='lat' dir='ltr'><strong>vis.</strong></span> <span class='ocrx_word' id='word_1_201' title='bbox 2320 3472 2473 3527; x_wconf 79' lang='lat' dir='ltr'><strong>Asin.</strong></span> <span class='ocrx_word' id='word_1_202' title='bbox 2496 3473 2548 3537; x_wconf 90' lang='lat'><strong>1,</strong></span> <span class='ocrx_word' id='word_1_203' title='bbox 2584 3490 2635 3535; x_wconf 94' lang='lat'><strong>1,</strong></span> <span class='ocrx_word' id='word_1_204' title='bbox 2661 3468 2756 3539; x_wconf 81' lang='lat'><strong>95.</strong></span> 
     </span>
     <span class='ocr_line' id='line_1_29' title="bbox 607 3551 2753 3630; baseline -0.003 -21"><span class='ocrx_word' id='word_1_205' title='bbox 607 3567 772 3609; x_wconf 78' lang='lat' dir='ltr'><strong>moesta</strong></span> <span class='ocrx_word' id='word_1_206' title='bbox 793 3556 876 3618; x_wconf 57' lang='grc' dir='ltr'><strong>ζει,</strong></span> <span class='ocrx_word' id='word_1_207' title='bbox 896 3554 1053 3608; x_wconf 75' lang='lat' dir='ltr'><strong>valde</strong></span> <span class='ocrx_word' id='word_1_208' title='bbox 1075 3570 1279 3611; x_wconf 80' lang='lat' dir='ltr'><strong>moeret.</strong></span> <span class='ocrx_word' id='word_1_209' title='bbox 1298 3556 1429 3613; x_wconf 82' lang='lat' dir='ltr'><strong>vid.</strong></span> <span class='ocrx_word' id='word_1_210' title='bbox 1453 3558 1635 3612; x_wconf 82' lang='lat' dir='ltr'><strong>Casin.</strong></span> <span class='ocrx_word' id='word_1_211' title='bbox 1807 3564 1898 3630; x_wconf 73' lang='lat'><strong>74.</strong></span> <span class='ocrx_word' id='word_1_212' title='bbox 1933 3556 2105 3611; x_wconf 77' lang='lat' dir='ltr'><strong>Verbis</strong></span> <span class='ocrx_word' id='word_1_213' title='bbox 2130 3560 2251 3609; x_wconf 76' lang='lat' dir='ltr'><strong>suis.</strong></span> <span class='ocrx_word' id='word_1_214' title='bbox 2290 3554 2376 3609; x_wconf 83' lang='lat' dir='ltr'><strong>Cf.</strong></span> <span class='ocrx_word' id='word_1_215' title='bbox 2408 3551 2608 3624; x_wconf 80' lang='lat' dir='ltr'><strong>Amph.</strong></span> <span class='ocrx_word' id='word_1_216' title='bbox 2643 3551 2753 3617; x_wconf 85' lang='lat'><strong>111,</strong></span> 
     </span>
     <span class='ocr_line' id='line_1_30' title="bbox 606 3633 1917 3703; baseline -0.001 -12"><span class='ocrx_word' id='word_1_217' title='bbox 606 3638 690 3701; x_wconf 86' lang='lat'><strong>11,</strong></span> <span class='ocrx_word' id='word_1_218' title='bbox 725 3633 780 3701; x_wconf 79' lang='lat'><strong>3,</strong></span> <span class='ocrx_word' id='word_1_219' title='bbox 815 3634 910 3689; x_wconf 81' lang='lat'><strong>58.</strong></span> <span class='ocrx_word' id='word_1_220' title='bbox 942 3636 1012 3691; x_wconf 88' lang='lat' dir='ltr'><strong>N.</strong></span> <span class='ocrx_word' id='word_1_221' title='bbox 1727 3637 1793 3703; x_wconf 84' lang='lat'><strong>3,</strong></span> <span class='ocrx_word' id='word_1_222' title='bbox 1828 3656 1917 3691; x_wconf 76' lang='grc' dir='ltr'><strong>υ.</strong></span> 
     </span>
    </p>

    <p class='ocr_par' dir='ltr' id='par_1_22' title="bbox 689 3706 2759 3789">
     <span class='ocr_line' id='line_1_31' title="bbox 689 3706 2759 3789; baseline -0.004 -20"><span class='ocrx_word' id='word_1_223' title='bbox 689 3718 782 3784; x_wconf 86' lang='grc'><strong>67.</strong></span> <span class='ocrx_word' id='word_1_224' title='bbox 808 3716 948 3769; x_wconf 80' lang='lat' dir='ltr'><strong>Usus.</strong></span> <span class='ocrx_word' id='word_1_225' title='bbox 975 3712 1136 3787; x_wconf 81' lang='lat' dir='ltr'><strong>Epid.</strong></span> <span class='ocrx_word' id='word_1_226' title='bbox 1159 3716 1265 3782; x_wconf 84' lang='lat' dir='ltr'><strong>IV,</strong></span> <span class='ocrx_word' id='word_1_227' title='bbox 1293 3734 1343 3781; x_wconf 86' lang='lat'><strong>1,</strong></span> <span class='ocrx_word' id='word_1_228' title='bbox 1376 3736 1432 3787; x_wconf 88' lang='lat'><strong>9.</strong></span> <span class='ocrx_word' id='word_1_229' title='bbox 1807 3736 1906 3789; x_wconf 84' lang='lat'><strong>79.</strong></span> <span class='ocrx_word' id='word_1_230' title='bbox 1933 3716 2022 3770; x_wconf 74' lang='lat' dir='ltr'><strong>Ex</strong></span> <span class='ocrx_word' id='word_1_231' title='bbox 2050 3736 2117 3769; x_wconf 80' lang='lat' dir='ltr'><strong>se.</strong></span> <span class='ocrx_word' id='word_1_232' title='bbox 2151 3717 2465 3769; x_wconf 76' lang='lat' dir='ltr'><strong>Inconstans</strong></span> <span class='ocrx_word' id='word_1_233' title='bbox 2498 3706 2759 3783; x_wconf 85' lang='lat' dir='ltr'><strong>loquendi</strong></span> 
     </span>
    </p>
   </div>
   <div class='ocr_carea' id='block_1_6' title="bbox 559 3787 2757 4191">
    <p class='ocr_par' dir='ltr' id='par_1_23' title="bbox 559 3787 2757 4191">
     <span class='ocr_line' id='line_1_32' title="bbox 690 3787 2757 3866; baseline -0.006 -14"><span class='ocrx_word' id='word_1_234' title='bbox 690 3814 784 3866; x_wconf 89' lang='lat'><strong>71.</strong></span> <span class='ocrx_word' id='word_1_235' title='bbox 829 3796 972 3866; x_wconf 77' lang='lat' dir='ltr'><strong>Ergo</strong></span> <span class='ocrx_word' id='word_1_236' title='bbox 1019 3800 1238 3861; x_wconf 51' lang='lat' dir='ltr'><strong>antinus,</strong></span> <span class='ocrx_word' id='word_1_237' title='bbox 1280 3808 1383 3849; x_wconf 89' lang='lat' dir='ltr'><strong>etc.</strong></span> <span class='ocrx_word' id='word_1_238' title='bbox 1432 3794 1637 3849; x_wconf 80' lang='lat' dir='ltr'><strong>Eadem</strong></span> <span class='ocrx_word' id='word_1_239' title='bbox 1723 3816 1914 3851; x_wconf 82' lang='lat' dir='ltr'><strong>norma</strong></span> <span class='ocrx_word' id='word_1_240' title='bbox 1953 3797 2075 3851; x_wconf 78' lang='lat' dir='ltr'><strong>satis</strong></span> <span class='ocrx_word' id='word_1_241' title='bbox 2122 3809 2202 3850; x_wconf 88' lang='lat' dir='ltr'><strong>est</strong></span> <span class='ocrx_word' id='word_1_242' title='bbox 2240 3795 2295 3848; x_wconf 89' lang='lat' dir='ltr'><strong>in</strong></span> <span class='ocrx_word' id='word_1_243' title='bbox 2338 3794 2501 3865; x_wconf 79' lang='lat' dir='ltr'><strong>hujus</strong></span> <span class='ocrx_word' id='word_1_244' title='bbox 2549 3787 2757 3861; x_wconf 77' lang='lat' dir='ltr'><strong>generis</strong></span> 
     </span>
     <span class='ocr_line' id='line_1_33' title="bbox 559 3867 2749 3949; baseline -0.01 -19"><span class='ocrx_word' id='word_1_245' title='bbox 559 3935 570 3949; x_wconf 36' lang='grc' dir='ltr'>ι</span> <span class='ocrx_word' id='word_1_246' title='bbox 606 3874 723 3929; x_wconf 80' lang='lat' dir='ltr'><strong>aliis</strong></span> <span class='ocrx_word' id='word_1_247' title='bbox 766 3876 944 3928; x_wconf 78' lang='lat' dir='ltr'><strong>verbis</strong></span> <span class='ocrx_word' id='word_1_248' title='bbox 995 3876 1259 3929; x_wconf 81' lang='lat' dir='ltr'><strong>sententia</strong></span> <span class='ocrx_word' id='word_1_249' title='bbox 1303 3875 1597 3929; x_wconf 79' lang='lat' dir='ltr'><strong>Horatiana</strong></span> <span class='ocrx_word' id='word_1_250' title='bbox 1618 3913 1635 3938; x_wconf 94' lang='lat'><strong>,</strong></span> <span class='ocrx_word' id='word_1_251' title='bbox 1722 3878 1994 3943; x_wconf 52' lang='lat' dir='ltr'><strong>oratione-3</strong></span> <span class='ocrx_word' id='word_1_252' title='bbox 2028 3895 2155 3929; x_wconf 66' lang='lat' dir='ltr'><strong>nam</strong></span> <span class='ocrx_word' id='word_1_253' title='bbox 2191 3872 2353 3927; x_wconf 77' lang='lat' dir='ltr'><strong>modo</strong></span> <span class='ocrx_word' id='word_1_254' title='bbox 2388 3891 2468 3926; x_wconf 67' lang='lat' dir='ltr'><strong>vs,</strong></span> <span class='ocrx_word' id='word_1_255' title='bbox 2505 3869 2576 3923; x_wconf 81' lang='lat'><strong>58</strong></span> <span class='ocrx_word' id='word_1_256' title='bbox 2610 3867 2749 3920; x_wconf 72' lang='lat' dir='ltr'><strong>dixit</strong></span> 
     </span>
     <span class='ocr_line' id='line_1_34' title="bbox 613 3946 2753 4027; baseline -0.003 -24"><span class='ocrx_word' id='word_1_257' title='bbox 613 3980 638 4001; x_wconf 71' lang='grc' dir='ltr'>ι</span> <span class='ocrx_word' id='word_1_258' title='bbox 670 3956 840 4008; x_wconf 83' lang='lat' dir='ltr'><strong>levius</strong></span> <span class='ocrx_word' id='word_1_259' title='bbox 884 3954 946 4007; x_wconf 89' lang='lat' dir='ltr'><strong>fit</strong></span> <span class='ocrx_word' id='word_1_260' title='bbox 978 3952 1247 4027; x_wconf 74' lang='lat' dir='ltr'><strong>&#39;patientia</strong></span> <span class='ocrx_word' id='word_1_261' title='bbox 1273 3996 1290 4025; x_wconf 84' lang='lat'><strong>,</strong></span> <span class='ocrx_word' id='word_1_262' title='bbox 1346 3952 1635 4026; x_wconf 82' lang='lat' dir='ltr'><strong>Quidquid</strong></span> <span class='ocrx_word' id='word_1_263' title='bbox 1733 3958 1878 4011; x_wconf 76' lang='lat' dir='ltr'><strong>..hoc</strong></span> <span class='ocrx_word' id='word_1_264' title='bbox 1927 3975 2041 4010; x_wconf 79' lang='lat' dir='ltr'><strong>sese</strong></span> <span class='ocrx_word' id='word_1_265' title='bbox 2090 3955 2357 4009; x_wconf 79' lang='lat' dir='ltr'><strong>excruciat</strong></span> <span class='ocrx_word' id='word_1_266' title='bbox 2378 3977 2400 3999; x_wconf 70' lang='grc' dir='ltr'><strong><em>ι</em></strong></span> <span class='ocrx_word' id='word_1_267' title='bbox 2426 3988 2444 4016; x_wconf 89' lang='grc'><strong>,</strong></span> <span class='ocrx_word' id='word_1_268' title='bbox 2478 3949 2602 4021; x_wconf 79' lang='lat' dir='ltr'><strong>quia</strong></span> <span class='ocrx_word' id='word_1_269' title='bbox 2632 3946 2753 4001; x_wconf 84' lang='lat' dir='ltr'><strong>leno</strong></span> 
     </span>
     <span class='ocr_line' id='line_1_35' title="bbox 604 4027 2754 4109; baseline -0.005 -20"><span class='ocrx_word' id='word_1_270' title='bbox 604 4034 874 4106; x_wconf 84' lang='lat' dir='ltr'><strong>corrigere</strong></span> <span class='ocrx_word' id='word_1_271' title='bbox 911 4048 987 4089; x_wconf 88' lang='lat' dir='ltr'><strong>est</strong></span> <span class='ocrx_word' id='word_1_272' title='bbox 1015 4035 1164 4088; x_wconf 80' lang='lat' dir='ltr'><strong>nefas</strong></span> <span class='ocrx_word' id='word_1_273' title='bbox 1189 4062 1236 4088; x_wconf 70' lang='grc' dir='ltr'><strong>ι.</strong></span> <span class='ocrx_word' id='word_1_274' title='bbox 1267 4036 1334 4089; x_wconf 81' lang='lat' dir='ltr'><strong>Et</strong></span> <span class='ocrx_word' id='word_1_275' title='bbox 1368 4034 1631 4089; x_wconf 81' lang='lat' dir='ltr'><strong>Ovidius:</strong></span> <span class='ocrx_word' id='word_1_276' title='bbox 1731 4036 1928 4091; x_wconf 75' lang='lat' dir='ltr'><strong>ademit</strong></span> <span class='ocrx_word' id='word_1_277' title='bbox 1952 4040 2001 4089; x_wconf 79' lang='lat' dir='ltr'><strong>ei</strong></span> <span class='ocrx_word' id='word_1_278' title='bbox 2028 4055 2131 4109; x_wconf 85' lang='lat' dir='ltr'><strong>pro</strong></span> <span class='ocrx_word' id='word_1_279' title='bbox 2152 4036 2273 4097; x_wconf 75' lang='lat' dir='ltr'><strong>sibi,·</strong></span> <span class='ocrx_word' id='word_1_280' title='bbox 2290 4049 2434 4086; x_wconf 88' lang='lat' dir='ltr'><strong>nunc</strong></span> <span class='ocrx_word' id='word_1_281' title='bbox 2467 4056 2491 4078; x_wconf 74' lang='grc' dir='ltr'>ι</span> <span class='ocrx_word' id='word_1_282' title='bbox 2509 4027 2660 4101; x_wconf 74' lang='lat' dir='ltr'><strong>quasi</strong></span> <span class='ocrx_word' id='word_1_283' title='bbox 2687 4045 2754 4079; x_wconf 86' lang='lat' dir='ltr'><strong>ex</strong></span> 
     </span>
     <span class='ocr_line' id='line_1_36' title="bbox 607 4106 2753 4191; baseline -0.007 -22"><span class='ocrx_word' id='word_1_284' title='bbox 607 4138 629 4159; x_wconf 88' lang='lat'><strong>·</strong></span> <span class='ocrx_word' id='word_1_285' title='bbox 647 4127 1121 4191; x_wconf 71' lang='lat' dir='ltr'><strong>paupertatemque</strong></span> <span class='ocrx_word' id='word_1_286' title='bbox 1151 4114 1376 4169; x_wconf 80' lang='lat' dir='ltr'><strong>ferendo</strong></span> <span class='ocrx_word' id='word_1_287' title='bbox 1415 4116 1645 4171; x_wconf 77' lang='lat' dir='ltr'><strong>effecere</strong></span> <span class='ocrx_word' id='word_1_288' title='bbox 1730 4136 1786 4171; x_wconf 79' lang='lat' dir='ltr'><strong>se</strong></span> <span class='ocrx_word' id='word_1_289' title='bbox 1810 4118 1971 4171; x_wconf 84' lang='lat' dir='ltr'><strong>simus</strong></span> <span class='ocrx_word' id='word_1_290' title='bbox 1994 4128 2163 4189; x_wconf 73' lang='lat' dir='ltr'><strong>gnatae</strong></span> <span class='ocrx_word' id='word_1_291' title='bbox 2189 4142 2212 4164; x_wconf 75' lang='grc' dir='ltr'><strong>ι»</strong></span> <span class='ocrx_word' id='word_1_292' title='bbox 2246 4132 2348 4185; x_wconf 80' lang='lat' dir='ltr'><strong>pro</strong></span> <span class='ocrx_word' id='word_1_293' title='bbox 2385 4137 2408 4161; x_wconf 70' lang='grc' dir='ltr'>ι</span> <span class='ocrx_word' id='word_1_294' title='bbox 2429 4128 2495 4165; x_wconf 76' lang='lat' dir='ltr'><strong>ex</strong></span> <span class='ocrx_word' id='word_1_295' title='bbox 2516 4127 2578 4162; x_wconf 76' lang='lat' dir='ltr'><strong>ea</strong></span> <span class='ocrx_word' id='word_1_296' title='bbox 2600 4133 2622 4155; x_wconf 65' lang='grc' dir='ltr'><strong><em>ι</em></strong></span> <span class='ocrx_word' id='word_1_297' title='bbox 2638 4147 2651 4160; x_wconf 90' lang='grc'><strong>.</strong></span> <span class='ocrx_word' id='word_1_298' title='bbox 2680 4106 2753 4159; x_wconf 76' lang='grc' dir='ltr'><strong>Ν.</strong></span> 
     </span>
    </p>
   </div>
  </div>
 </body>
</html>
