3067 5017
600 396 743 479 566
1354 395 1986 495 Qussnows,

592 545 777 609 Qum}
792 574 809 592 .
829 522 1031 593 Estne
1058 516 1210 589 talis
1227 512 1515 613 aliquis?
1541 540 1749 591 aaut).
1767 516 2068 587 Maxime
2091 540 2276 613 ergo,
2293 518 2752 614 Sycophanta,

592 648 670 707 ut
714 632 1050 716 dixeram,
1092 650 1215 725 per
1256 641 1325 697 te
1370 643 1658 725 tuosque
1679 682 1698 715 ‚
1737 629 1831 697 mi
1869 626 2104 715 sodeS,
2143 643 2214 697 te
2261 653 2433 724 rogo
2469 644 2548 699 ut
2587 628 2752 702 'illac

596 744 871 831 venias,
904 739 1131 813 venias
1163 763 1430 811 mecum
1469 763 1606 809 una
1645 736 1869 811 simul.
1922 762 2062 811 stc.
2103 738 2515 811 Iamdudum
2567 740 2750 829 dixi,

592 852 775 947 altro
812 866 878 927 et
911 850 1199 923 libenter
1233 850 1429 939 irem,
1464 850 1521 919 si
1554 873 1846 920 vacuum
1884 874 2070 921 nunc
2103 864 2276 923 esset
2307 850 2495 923 mihi.
2538 874 2746 925 sun.

594 967 801 1045 Mane
826 960 1187 1058 paulisper.
1214 982 1427 1045 Quen.
1456 960 1728 1049 Quaeso,
1751 960 1992 1047 amice,
2013 986 2102 1031 ne
2141 976 2204 1031 te
2239 961 2574 1057 subripias
2612 976 2754 1033 tam

592 1076 752 1148 cito.
779 1077 1063 1169 Egomet
1086 1094 1359 1165 quoque
1386 1071 1558 1142 scire
1591 1070 1818 1163 cupio,
1837 1070 2146 1165 quisnam
2183 1071 2308 1141 iste
2342 1086 2471 1157 est,
2503 1071 2588 1141 de
2613 1096 2754 1166 quo

595 1209 816 1259 sermo
848 1206 1033 1253 nunc
1058 1194 1221 1251 erat.
1264 1204 1414 1251 stc.
1452 1178 1748 1276 Edepol,
1787 1181 2015 1251 nescio
2041 1180 2208 1275 quid
2241 1178 2428 1251 aliud
2458 1180 2628 1249 mihi
2651 1194 2756 1251 est

593 1294 851 1392 negotii
905 1319 922 1364 z
975 1289 1244 1388 cognati
1286 1303 1489 1384 atque
1528 1291 1728 1360 amici
1767 1290 2172 1383 jamdudum
2204 1296 2314 1361 me
2365 1305 2756 1385 exspectant

548 1392 555 1401 ⁸
598 1406 804 1477 domi.
827 1428 1032 1475 saun.
1058 1405 1335 1498 Magna,
1360 1398 1607 1487 hercle,
1641 1400 1934 1471 hominis
1971 1400 2333 1471 difficultas
2369 1415 2436 1469 et
2471 1426 2752 1495 persua-

592 1518 696 1589 sio
737 1543 755 1586 z
806 1538 1024 1611 neque
1066 1537 1252 1585 nunc
1301 1526 1371 1581 te
1417 1512 1619 1583 amici
1663 1526 2057 1607 exspectant
2081 1564 2102 1601 ,
2155 1537 2377 1607 neque
2423 1512 2696 1607 cognati
2730 1537 2746 1580 :

592 1626 937 1725 paulisper
986 1647 1205 1693 mane.
1261 1646 1502 1706 Quen..
1540 1623 1827 1712 Quaeso,
1881 1622 2136 1711 amice,
2179 1622 2236 1692 si
2281 1646 2429 1691 mea
2471 1648 2610 1691 non
2651 1640 2755 1691 est

596 1737 831 1807 odiosa
873 1734 1189 1823 societas,
1227 1731 1574 1804 consulere
1614 1734 1958 1803 vobiscum
1995 1730 2169 1803 volo,
2233 1757 2435 1803 sam).
2474 1736 2756 1820 Vereor,

599 1842 868 1934 hercle,
904 1868 991 1913 ne
1026 1839 1372 1911 difficilem
1403 1866 1473 1911 se
1506 1842 1704 1911 nobis
1740 1840 1978 1929 faciat,
2021 1844 2074 1913 si
2112 1841 2340 1937 plures
2360 1842 2559 1913 videt.
2601 1867 2751 1916 stc,

604 1958 909 2056 Optime,
949 1952 1225 2047 edepol:
1267 1976 1441 2033 ecce,
1479 1951 1698 2039 sodes,
1733 1953 2048 2022 comitem
2083 1953 2456 2047 quaerebaS,
2492 1954 2698 2023 habes
2732 1982 2750 2024 ε

598 2068 768 2137 mihi
810 2064 1129 2136 molestus
1168 2089 1254 2132 ne
1293 2064 1443 2133 sieS.
1484 2086 1698 2147 QUER.
1747 2064 2027 2153 Quaes0‚
2071 2064 2326 2153 amice,
2365 2064 2421 2135 si
2461 2064 2624 2135 huic
2661 2066 2755 2134 ita

596 2176 1132 2266 videtur,abeat,
1156 2198 1278 2243 nos
1304 2172 1454 2243 illac
1474 2198 1611 2243 una
1641 2172 1870 2244 simul.
1905 2198 2110 2245 sam).
2142 2178 2365 2269 Atque
2397 2174 2526 2244 isto
2557 2174 2759 2243 nobis

599 2303 703 2360 cst
742 2311 951 2385 opuS,
993 2285 1314 2380 quoniam
1355 2284 1698 2353 hominem
1743 2282 1933 2353 illum
1983 2283 2156 2353 vidit
2205 2298 2272 2353 et
2321 2286 2512 2353 novit
2556 2284 2754 2357 bene.

600 2423 817 2487 thn.
846 2402 1114 2471 Justum
1149 2410 1248 2466 est
1278 2410 1356 2473 ut
1392 2394 1589 2464 nobis
1625 2394 1828 2463 hodie
1870 2419 2146 2489 operam
2183 2394 2552 2489 inpendaS‚
2589 2422 2759 2489 quo-

599 2512 789 2583 niam
821 2510 917 2579 sic
941 2508 1115 2578 ratio
1142 2504 1543 2605 expostulat.
1567 2529 1716 2576 sYc.
1736 2510 1907 2593 Imo‚
1926 2504 2172 2595 hercle,
2200 2505 2324 2575 iste
2350 2503 2541 2575 illum
2567 2505 2760 2575 novit

604 2621 847 2692 melius
892 2634 1096 2717 atque
1155 2615 1267 2685 ille
1317 2614 1500 2687 hunc
1563 2613 2004 2685 familiariter.
2045 2638 2258 2699 Quen.
2296 2616 2452 2705 Sed,
2502 2642 2756 2711 quaeso,

602 2756 789 2802 nunc
824 2744 1111 2799 vestram
1150 2726 1392 2814 fidem,
1436 2727 1754 2823 quisnam
1796 2725 1906 2794 hic
1943 2726 2150 2795 homo
2195 2740 2296 2796 est
2321 2779 2340 2815 ,
2402 2726 2508 2795 vel
2559 2728 2761 2821 cujus

602 2839 794 2913 loci?
828 2862 971 2911 stc.
1001 2838 1356 2926 Quantum
1388 2836 1726 2929 comperi,
1750 2835 2242 2933 Mandrogerus
2275 2853 2596 2906 vocatur:
2626 2838 2760 2907 hoc
2810 2904 2818 2917 ,

608 2950 769 3020 scio.
812 2971 1028 3032 QUER.
1068 2948 1296 3031 Anat,
1335 2944 1678 3039 pulcrum,
1709 2942 1959 3034 hercle,
1995 2972 2243 3015 nomen
2280 2973 2297 3016 τ
2328 2946 2471 3042 jam
2508 2946 2639 3017 hoc
2671 2948 2762 3017 de

602 3059 829 3156 Magis
862 3057 1193 3128 existimo.
1238 3080 1391 3127 arc·
1430 3057 1732 3126 Primum
1777 3058 2118 3150 praeterita
2153 3057 2390 3145 edicit,
2427 3059 2481 3127 si
2527 3061 2756 3129 omnia

606 3169 994 3267 cognoscis»,
1020 3181 1165 3237 tum
1192 3166 1274 3235 de
1314 3167 1556 3236 futuris
1587 3166 1874 3235 disserit.
1915 3190 2134 3253 Quen.
2169 3172 2498 3263 Magnum
2533 3166 2762 3241 hercle

519 3275 525 3280 ’
608 3280 955 3350 hominem
1000 3293 1075 3373 tq
1115 3302 1391 3365 narras,
1440 3291 1508 3347 et
1563 3275 1825 3351 consuli
1867 3276 2050 3346 hunc
2094 3301 2230 3346 non
2273 3276 2542 3372 placet?
2604 3303 2753 3350 src.

604 3389 788 3463 Volo
824 3387 1173 3487 equidem,
1215 3386 1331 3457 sed
1373 3384 1717 3484 paulisper
1759 3410 1900 3455 non
1943 3401 2159 3457 vacat.
2197 3410 2413 3473 Quen.
2449 3390 2624 3481 Age,
2671 3388 2756 3459 da

607 3524 883 3597 operam
925 3497 1158 3568 amicis
1195 3524 1215 3567 z
1258 3496 1453 3567 nobis
1506 3520 1776 3593 quoque
1818 3494 2127 3577 similitei:
2167 3497 2460 3592 impera,
2501 3500 2554 3567 si
2591 3498 2756 3593 quid

602 3609 811 3681 voles.
872 3632 1018 3680 src.
1088 3606 1322 3677 Habeo
1359 3608 1692 3704 gratiam:
1734 3607 2056 3704 quoniam
2103 3607 2283 3677 istud
2321 3608 2559 3696 vultis,
2611 3608 2756 3680 fiat.

606 3720 743 3791 Sed
778 3718 1005 3789 audite
1042 3718 1206 3815 quid
1248 3716 1524 3813 loquor,
1565 3715 1953 3811 hujusmodi
2001 3716 2306 3789 homines
2359 3719 2760 3812 impostores

604 3856 765 3904 esse.
802 3853 1014 3914 Qum.
1052 3832 1225 3900 Hem
1248 3881 1269 3917 ,
1297 3828 1531 3916 sodes,
1572 3827 1771 3923 ipsud
1801 3827 2108 3898 volebam
2140 3828 2382 3898 dicere.
2423 3833 2622 3901 Certe
2656 3829 2753 3899 fe-

602 3938 786 4015 rulas
809 3964 949 4009 non
978 3940 1217 4028 habet;
1245 3964 1465 4035 neque
1492 3962 1649 4008 cum
1675 3938 1892 4007 turbis
1920 3928 2243 4010 ambulat.
2281 3963 2428 4010 syc.
2458 3944 2562 4009 Ha
2579 3993 2598 4028 ,
2630 3940 2756 4027 ha,

607 4050 699 4123 he
723 4103 747 4139 ,
776 4046 968 4140 tales,
1002 4049 1253 4140 hercle,
1288 4050 1637 4131 consulere
1675 4050 1788 4121 hic
1823 4048 2099 4120 deberet
2133 4049 2340 4119 homo
2386 4052 2760 4120 curiosissi-

594 4158 789 4236 mus?
819 4164 1286 4240 sunmerbi·
1311 4177 1642 4259 quantum
1665 4159 1845 4255 vult,
1911 4159 2024 4236 ille
2047 4160 2264 4235 fallat:
2279 4160 2432 4271 plus
2452 4160 2536 4233 de
2561 4160 2762 4233 nobis
