3067 5017
878 482 1208 550 ACTUS
1258 482 1379 565 11,
1430 481 1763 549 scis-NA
1813 482 1911 549 11.
2325 478 2468 576 469

324 600 541 668 Nemo
576 600 929 669 hominum
960 602 1107 671 heic
1140 602 1361 696 perire
1402 599 1572 671 solet
1605 600 1786 695 apud
1828 626 1999 669 nos:
2041 628 2143 670 res
2185 602 2476 697 perdunt

622 733 796 777 suas.
1024 736 1037 749 ·
2423 734 2475 782 45

324 816 462 885 Ubi
507 817 861 911 perdidere
900 843 1043 905 res,
1081 820 1266 888 abire
1300 821 1460 892 hinc
1502 820 1876 906 si'volunt,
1922 820 2118 889 nudis
2157 820 2334 892 licet.

324 930 471 1021 Ego
524 951 660 995 non
706 929 911 1023 gnovi
962 928 1456 1000 adulescentem
1518 948 1840 1001 vostrum.
1900 954 2136 1001 STRAT.
2189 934 2484 1005 Veron’?

622 1060 771 1105 ΛΒΤ.
814 1038 1027 1107 Serio.

325 1170 571 1216 STRAT.
618 1148 802 1236 Quin
843 1151 1132 1219 maceria
1169 1147 1277 1219 illa
1310 1151 1441 1239 ait,
1490 1154 1560 1220 in
1596 1142 1796 1222 horto
1841 1177 1996 1247 quae
2035 1168 2169 1241 est,
2209 1178 2362 1247 quae
2403 1156 2474 1224 in

375 1272 381 1278 “
621 1258 875 1327 nocteis
914 1260 1211 1354 singulas

323 1367 571 1434 Latere
609 1366 685 1435 fit
707 1368 951 1455 minor,
983 1395 1116 1463 qua
1146 1372 1271 1441 iste
1303 1371 1388 1440 ad
1410 1397 1525 1441 vos
1547 1372 1775 1441 damni
1796 1372 2237 1469 permensu’st
2254 1374 2476 1445 viam?

332 1498 476 1545 As‘r.
512 1478 666 1545 Non
732 1480 979 1548 mirum
1024 1480 1260 1575 (vetus
1302 1498 1403 1552 est
1438 1484 1804 1574 maceria),
1843 1482 2078 1551 lateres
2126 1484 2184 1551 si·
2220 1497 2474 1553 veteres

624 1604 855 1657 ruunt.
2423 1612 2478 1653 ⁵⁶

324 1720 571 1769 STRAT.
620 1697 775 1766 Ain'
812 1714 916 1786 tu,
960 1700 1176 1785 mala,
1222 1701 1458 1771 lateres
1498 1718 1749 1772 veteres
1798 1704 2044 1772 ruere?
2079 1729 2425 1801 nunquam
2452 1760 2472 1794 ‚

622 1807 893 1902 edepol,
941 1811 1107 1879 mihi

324 1917 704 2011 Quisquam
730 1918 935 1989 homo
968 1921 1270 1992 mortalis
1306 1924 1586 2016 posthac
1611 1922 1896 1992 duarum
1924 1948 2147 1992 rerum
2173 1924 2435 1994 creduit
2456 1978 2476 2012 ,

321 2026 415 2097 Ni
449 2027 571 2096 ista
606 2054 730 2123 ego
762 2046 980 2099 vostra
1013 2032 1177 2101 hero
1213 2034 1450 2127 majori
1488 2034 1664 2103 facta
1701 2032 2164 2104 denarraverO.

329 2160 476 2206 As‘r.
528 2142 735 2209 Estne
802 2139 913 2209 ille
958 2142 1331 2215 violentus?
1389 2168 1632 2216 sTRA‘r.
1674 2146 1878 2213 Suam
1945 2168 2081 2212 non
2129 2144 2311 2212 enim
2374 2143 2484 2213 ille

626 2250 1071 2321 meretriculis
1156 2282 1163 2289 ·

328 2359 731 2429 Mani-undis
770 2386 911 2429 rem
952 2363 1205 2457 coegit,
1248 2387 1480 2431 verum
1522 2363 1946 2457 parsimoniae
2437 2380 2487 2420 ⁵⁵

328 2470 781 2567 Duritiaeque3
814 2498 961 2566 quae
993 2498 1174 2542 nunc
1206 2472 1293 2541 ad
1330 2498 1445 2541 vos
1475 2473 1614 2566 jam
1656 2486 2072 2565 exportatur,
2103 2496 2446 2563 pessumae.

328 2584 501 2650 Hem
539 2597 645 2671 tu,
677 2608 719 2651 o
748 2582 1145 2679 sexangula,
1178 2582 1350 2655 male
1378 2582 1643 2655 vivatis:
1676 2606 1897 2677 egone
1925 2582 2067 2649 haec
2096 2582 2488 2655 mussitem?

416 2784 508 2837 50.
532 2784 591 2833 V
582 2796 685 2837 etus
701 2797 775 2836 est
788 2788 1013 2837 maceria.
1030 2784 1160 2855 Leg.
1189 2811 1211 2833 α
1234 2784 1359 2838 Non

330 2864 530 2916 mirum
553 2876 657 2922 est,
699 2878 907 2917 vetusta
940 2864 1201 2931 maceria,
1230 2866 1361 2917 late-

327 2962 417 2996 res
447 2969 469 2990 ι
492 2982 507 3006 ,
552 2956 610 2995 ut
631 2944 736 2999 sint
756 2945 971 2998 ablativi
998 2945 1238 2998 absolute
1264 2963 1363 3015 po·

331 3023 439 3076 siti.
470 3023 564 3076 Est
590 3038 768 3077 autem
794 3028 1031 3089 maceria,
1059 3042 1246 3077 murus
1275 3024 1359 3075 in·

330 3101 622 3155 ten-medius
660 3122 724 3157 ex
766 3103 1034 3175 lapidibus
1071 3103 1187 3156 sine
1218 3104 1360 3156 calce

330 3194 386 3235 et
410 3189 669 3236 caeme'nto
696 3196 993 3255 congestus.
1020 3184 1307 3236 Terentius
1342 3201 1355 3236 :

334 3288 357 3310 ι
375 3262 527 3315 Hanc
546 3263 603 3313 in
630 3264 787 3316 horto
814 3262 1101 3317 Maceriam
1126 3264 1253 3335 jube
1280 3262 1361 3315 di-

327 3341 416 3394 rui
441 3368 489 3394 ι.
518 3341 602 3394 Ad
634 3342 779 3415 qzuod
804 3344 1053 3397 Donatus
1078 3363 1091 3394 ε
1130 3369 1151 3389 κ
1182 3344 1361 3395 Mace-

328 3421 411 3479 ria
439 3420 635 3475 dicitur
665 3424 839 3495 paries
860 3418 944 3445 ω’
968 3442 1115 3476 nuno
1141 3422 1363 3493 alicujus

330 3500 668 3555 demacerata
694 3529 741 3554 ι.
768 3504 1001 3559 Tenum.
1026 3535 1103 3545 --
1127 3501 1365 3554 Linden-

329 3582 556 3651 brogius
596 3594 818 3635 testatur
850 3584 906 3637 in
946 3582 1083 3637 MSS
1120 3600 1231 3635 esse
1266 3601 1363 3633 non

328 3663 481 3714 altus.
515 3660 689 3733 Lege:
732 3686 753 3706 ι
773 3664 951 3733 paries
979 3682 1089 3715 non
1116 3662 1257 3715 altus
1294 3660 1362 3713 de

330 3755 603 3795 macerato
626 3768 674 3795 ι.
698 3743 883 3796 Geor.

419 3820 511 3873 52.
552 3821 775 3874 Duarum
806 3842 980 3875 rerum.
1002 3822 1193 3875 Omnis
1220 3820 1365 3873 enim

331 3920 517 3955 sermo
560 3900 771 3955 duobus
818 3902 1203 3975 monosyllabis
1243 3919 1368 3953 con-

332 3993 469 4044 stet,
492 3993 565 4031 est
591 3994 644 4033 et
684 4002 799 4035 non.
842 3983 1093 4035 Alciatus.
1125 3981 1364 4033 Turneb.

332 4062 543 4115 duarum
573 4080 756 4124 rerum,
786 4061 841 4113 id
864 4074 971 4127 est,
994 4060 1165 4115 divini
1194 4072 1245 4113 et
1268 4062 1371 4113 hu-

336 4140 507 4202 mani,
530 4138 678 4208 quod
704 4142 898 4196 verius.
919 4141 1051 4195 Vid.
1070 4140 1271 4213 Amph.
1291 4140 1368 4205 11,

341 4243 398 4288 2,
433 4227 520 4285 40.
542 4220 767 4273 Tumu.

1532 2784 1562 2838 5
1577 2790 1630 2847 4,
1653 2782 2057 2839 55.Mum'undis.
2077 2783 2252 2854 Lego:
2287 2810 2310 2831 ι
2335 2804 2482 2839 sums

1446 2882 1559 2916 non
1588 2852 1730 2917 'enim
1759 2864 1852 2916 sue
1878 2890 1926 2917 -.
1961 2862 2168 2919 Deinde
2192 2862 2326 2917 illud
2348 2865 2486 2917 Mot-

1448 2945 1621 2995 le’aendis
1667 2943 1751 2995 aio
1801 2944 2108 2997 auctoribus
2163 2944 2314 2997 libris
2365 2945 2490 3001 falsi

1449 3022 1814 3076 damnandum
1841 3044 1853 3074 ε
1887 3042 2011 3075 nam
2049 3025 2284 3094 optimus
2304 3026 2481 3078 Vatic.

1450 3103 1761 3165 Illont‘etedae‘55
1789 3101 1900 3154 duo
1923 3104 2012 3155 atii
2033 3144 2047 3165 ‚
2090 3103 2352 3155 Monendis
2367 3124 2388 3166 ,·
2422 3116 2485 3157 ut

1449 3196 1658 3235 certum
1686 3183 1912 3234 habeam
1946 3183 2110 3235 latere
2140 3183 2196 3234 in
2222 3184 2321 3235 hac
2353 3184 2484 3236 scri-

1449 3274 1613 3331 ptura
1649 3262 1878 3313 verbum
1920 3262 2198 3315 vetustius.
2242 3262 2488 3317 Placeret

1450 3361 1573 3395 cum
1599 3341 1790 3411 Scalig.
1812 3341 2074 3395 Molendis.
2094 3343 2242 3395 Lu’s.

1533 3422 1624 3489 57.
1670 3420 1798 3471 Hem
1835 3432 1924 3485 m,
1970 3441 2001 3473 0
2039 3422 2328 3491 sexangula.
2366 3422 2484 3475 Hoc

1450 3501 1702 3553 Palmerii
1739 3501 1977 3553 maxime
2017 3503 2227 3572 probo,
2255 3520 2355 3553 nec
2387 3520 2486 3571 po-

1452 3580 1553 3635 tuit
1587 3580 1763 3653 aptius
1799 3579 1855 3635 in
1896 3598 2056 3651 rapax
2089 3580 2228 3633 illud
2272 3599 2479 3650 genus:

1451 3658 1726 3731 quomodo
1759 3658 1946 3712 Aulnl.
1991 3661 2111 3724 ΙΙΙ,
2155 3664 2188 3713 6
2211 3698 2228 3725 ,
2272 3660 2482 3713 homines

1453 3760 1558 3793 cum
1579 3743 1707 3792 senis·
1729 3740 1948 3791 manibus
1974 3738 2108 3792 dixit
2123 3778 2139 3804 ,
2161 3740 2308 3792 fures
2329 3740 2487 3795 intel-

1452 3822 1640 3891 ligens.
1661 3821 1801 3871 T.-
1814 3820 1959 3889 Lego
1981 3820 2153 3884 Emtu,
2175 3839 2317 3880 nea-u,
2340 3824 2481 3889 gula.

1452 3902 1524 3953 Et
1555 3900 1816 3953 sententia
1843 3910 2054 3970 aperta,
2089 3899 2200 3951 sive
2223 3898 2288 3951 ad
2313 3917 2372 3953 ea
2399 3919 2484 3953 re-

1457 3980 1696 4033 ferantur
1741 3997 1862 4051 quse
1905 3992 2220 4049 sequuntur,
2261 3980 2370 4031 sive
2415 3978 2484 4033 ad

1456 4078 1517 4112 ea
1545 4078 1664 4129 quse
1685 4055 2024 4111 antecedunt.
2048 4058 2318 4128 Significat
2340 4060 2486 4115 enim

1458 4151 1718 4191 amatores
1758 4138 1902 4192 bona
1945 4156 2038 4191 sua
2073 4137 2302 4208 perdere
2337 4139 2488 4209 apud

1462 4218 1766 4272 meretrices
1778 4255 1792 4277 ,
1827 4217 2152 4271 emtionibus
2166 4258 2181 4285 ,
2204 4219 2488 4289 obligatio·
