3067 5017
950 429 1285 499 ACTUS
1336 430 1451 513 ΙΙ,
1503 428 1844 497 SCENA
1895 431 2027 498 IV.

2419 424 2562 525 475

402 582 554 629 mn.
592 556 845 629 Gnovi.
888 579 1049 626 PER.
1080 558 1243 624 Haec
1279 578 1413 622 una
1442 576 1648 645 opera
1693 552 2005 621 circumit
2041 578 2160 647 per
2193 552 2516 639 familias,

401 671 703 737 Puerum
737 655 1021 761 vestigat
1060 663 1443 735 clanculum
1467 717 1486 750 ‚
1539 661 1625 732 ad
1661 684 1769 730 me
1815 663 2076 733 detulit.

402 782 665 849 Datum
708 778 836 848 sibi
878 802 1018 845 esse
1056 774 1245 845 dixit.
1294 798 1443 845 nm.
1480 777 1547 845 Ο
1591 773 1871 841 morceis
1908 771 2135 844 malae!
2515 788 2564 831 ⁵⁵

400 892 586 959 Eum
619 913 803 957 nunc
832 912 969 955 non
1010 884 1126 955 illa
1166 884 1472 981 peperit,
1506 908 1658 978 quae
1692 883 1953 978 peperit
1983 885 2194 977 prior,

404 999 545 1071 Sed
581 1014 659 1068 tu
690 999 1043 1094 posterior.
1084 1020 1246 1067 PHn.
1292 993 1554 1064 Ordine
1587 1018 1858 1063 omnem
1895 1018 2038 1062 rem
2075 1010 2281 1064 tenes,

404 1112 655 1197 Nunc,
701 1124 778 1178 ut
814 1108 1138 1204 praemisit
1171 1107 1489 1175 nuntium
1521 1105 1719 1199 miles
1759 1105 1960 1193 mihi,

407 1222 571 1291 Non
612 1218 830 1289 multo
870 1234 1023 1313 post
1066 1218 1215 1287 heic
1252 1215 1488 1285 aderit.
1538 1241 1688 1287 om.
1733 1216 1939 1287 Nunc
1983 1229 2059 1284 tu
2098 1229 2163 1285 te
2198 1216 2468 1285 interim

410 1332 630 1421 Quasi
666 1355 789 1425 pro
824 1352 1153 1423 puerpera
1180 1327 1333 1395 heic
1366 1326 1732 1420 procuras?
1761 1350 1931 1396 Pnn.
1969 1326 2358 1421 Quippini?
2511 1346 2566 1386 60

410 1440 555 1509 Ubi
599 1440 745 1509 sine
780 1437 1009 1507 labore
1055 1462 1158 1505 res
1202 1437 1343 1533 geri
1379 1435 1666 1531 polchre
1697 1451 1953 1530 potest,

414 1549 527 1619 Ad
567 1574 763 1617 suom
803 1573 1140 1642 quemque
1176 1545 1535 1641 aequom’st
1576 1560 1904 1641 quaestum
1943 1571 2088 1615 esse
2131 1544 2470 1615 callidum.

414 1683 567 1729 Dm.
612 1657 798 1746 Quid
838 1683 946 1726 me
982 1656 1290 1726 futurum
1304 1657 1415 1743 ’st‚
1455 1656 1727 1751 quando
1771 1656 1960 1725 miles
1995 1657 2306 1726 venerit?

414 1768 804 1840 Relictusne
837 1769 955 1837 abs
1001 1782 1066 1837 te
1108 1764 1375 1836 vivam?
1402 1788 1572 1837 rna.
1605 1767 1743 1837 Ubi
1779 1764 1949 1835 illud
1971 1819 1990 1854 ‚
2025 1766 2210 1862 quod
2249 1764 2406 1835 volo
2429 1816 2448 1852 ,

416 1880 709 1949 Habebo
747 1880 831 1947 ab
870 1878 1023 1965 illo,
1064 1878 1263 1947 facile
1294 1879 1633 1950 inveniam
1659 1931 1677 1965 ‚
1729 1876 2074 1973 quomodo
2516 1898 2572 1941 6⁵

411 1990 806 2060 Divortium
834 2004 903 2057 et
938 1987 1339 2059 discordiam
1384 1990 1564 2057 inter
1603 2012 1724 2057 nos
1760 2013 2014 2082 parem.

417 2100 732 2170 Postidea
760 2124 887 2191 ego
926 2114 1067 2168 tota
1105 2114 1326 2167 tecum
1356 2150 1375 2183 ‚
1408 2124 1558 2179 mea
1595 2096 1906 2192 voluptas
1927 2150 1946 2185 ‚
1983 2122 2198 2193 usque
2233 2124 2350 2167 ero

423 2209 745 2281 Adsiduo.
782 2234 935 2281 nm.
972 2216 1121 2280 Imo
1143 2262 1164 2295 ‚
1198 2207 1425 2278 hercle
1446 2262 1466 2296 ,
1500 2234 1658 2278 vero
1699 2208 2016 2279 adcubuo
2067 2206 2398 2280 mavelim.
2484 2250 2488 2258 ·

422 2344 588 2390 PHR.
631 2323 820 2412 Quin
863 2320 964 2389 dis
1000 2319 1401 2390 sacruficare
1444 2318 1648 2387 hodie
1685 2344 1810 2413 pro
1863 2336 2074 2415 puero
2109 2320 2304 2411 volu,

426 2431 687 2519 Quinto
725 2431 871 2519 die,
916 2430 1097 2525 quod
1140 2430 1288 2498 fieri
1332 2442 1626 2523 oportet.
1673 2448 1824 2497 nm.
1869 2432 2153 2499 Censeo·

424 2566 593 2613 mm.
631 2545 795 2614 Non
825 2526 1030 2611 audes
1064 2540 1339 2635 aliquod
1371 2540 1465 2609 mi
1504 2537 1664 2607 dare
1702 2538 2220 2609 munusculum?

424 2678 568 2723 Dm.
614 2659 944 2741 Lucrum,
975 2651 1236 2736 hercle,
1268 2649 1507 2720 videor
1543 2649 1764 2719 facere
1801 2650 2001 2734 mihi,
2039 2649 2353 2744 voluptas
2396 2672 2574 2736 mea,

422 2764 563 2833 Ubi
593 2763 941 2859 quidpiam
972 2788 1081 2831 me
1122 2762 1359 2856 poscis.
1398 2784 1567 2829 rna.
1599 2762 1693 2829 At
1721 2784 1883 2854 ege,
1923 2760 2042 2858 ubi
2079 2758 2346 2829 abstuli.

1803 2883 1807 2909 ι

510 2997 743 3051 53.·Πηα
763 3018 929 3070 opera.
951 3000 1109 3070 Capt.
1135 2999 1242 3061 111,
1274 3003 1328 3062 4,
1362 2997 1455 3049 31.

511 3076 605 3131 55.
630 3076 837 3131 Merceis
872 3079 1048 3131 maloe!
1085 3078 1248 3132 Cous.
1277 3075 1455 3131 Casin-

426 3157 545 3222 111,
567 3160 599 3210 6
616 3194 635 3225 ,
670 3158 762 3210 23.

512 3236 605 3307 57.
640 3237 846 3291 Ordine.
866 3239 1079 3311 Captiv.
1110 3238 1192 3301 ΙΙ,
1219 3236 1289 3301 3.,
1325 3256 1416 3307 17.

511 3319 603 3369 62.
648 3317 743 3369 Ad
783 3338 917 3370 suom
968 3337 1214 3390 quemque.
1260 3317 1459 3371 Similis

428 3397 691 3449 sententia
733 3410 813 3451 est
848 3396 1003 3451 Asin.
1034 3398 1097 3463 Ι,
1133 3398 1197 3464 3,
1240 3410 1293 3451 et
1322 3397 1463 3449 infra

424 3488 531 3529 aet.
550 3476 621 3528 V.
656 3476 841 3530 Gnon.

512 3556 602 3609 68.
616 3557 863 3611 Adsiduo,
876 3556 1055 3610 Varro
1081 3554 1149 3610 de
1171 3556 1327 3627 Ling.
1344 3556 1461 3609 Lat.

423 3632 583 3687 lib.v
611 3656 624 3687 z
664 3663 685 3684 ι
706 3636 1067 3709 Frequentem
1102 3626 1325 3708 operam
1369 3635 1463 3689 de-

306 3738 315 3747 ·
426 3712 612 3781 distis,
660 3716 803 3788 apud
853 3716 1104 3791 Ifflautum
1151 3718 1293 3771 valet
1342 3716 1465 3769 assi-

426 3792 623 3847 duam:
649 3796 831 3867 itaque
847 3799 937 3868 qui
956 3796 1123 3863 adest,
1149 3796 1390 3851 assiduus
1409 3821 1457 3850 ι.

426 3874 496 3925 In
527 3872 713 3928 eadem
741 3876 996 3929 sententia
1026 3877 1096 3942 Q.
1126 3876 1243 3931 Cic.
1273 3879 1331 3930 in
1359 3878 1458 3932 lib.

426 3954 511 4005 De
538 3955 796 4025 petitione
826 3958 1165 4011 consulatusx
1194 3983 1215 4004 ι
1233 3959 1353 4011 Jam
1384 3971 1461 4012 as-

426 4031 696 4087 siduitatis
720 4037 932 4089 nullum
964 4050 1043 4090 est
1080 4052 1412 4109 praeceptum
1438 4060 1453 4092 ε

426 4113 763 4187 verbumque
792 4116 969 4187 ipsum
1002 4115 1189 4182 docet,
1228 4136 1347 4189 quae
1376 4138 1459 4173 res

428 4190 519 4244 sit.
571 4192 799 4247 Prodest
842 4194 1064 4265 quidem
1115 4198 1457 4252 vehementer

1547 3016 1824 3068 nunquam
1849 2996 2060 3064 deesse,
2081 3011 2185 3052 etc.
2214 3025 2236 3047 ι
2267 3002 2338 3051 At
2364 3000 2581 3071 Plautus

1547 3077 1706 3129 etiam
1737 3077 1974 3148 jocando
2006 3080 2200 3131 extulit
2233 3097 2420 3132 verum
2460 3090 2578 3149 ety-

1547 3175 1678 3208 mon
1701 3156 1809 3209 hoc
1830 3158 1968 3211 loc0.
1999 3159 2218 3212 Suum.

1631 3254 1722 3306 70.
1751 3239 1938 3307 Quinto
1964 3239 2060 3292 die.
2089 3238 2198 3304 Qui
2225 3238 2337 3291 dies
2365 3238 2582 3309 quintus

1555 3312 1882 3389 ἀμφιδρόμιος
1911 3316 2210 3385 dicebatur,
2239 3338 2269 3371 a
2299 3319 2438 3381 ritu,
2473 3335 2584 3388 qsuo

1553 3396 1750 3449 cursim
1825 3400 1966 3451 circa
2037 3398 2217 3451 focum
2283 3398 2586 3469 gestabatur

1552 3494 1711 3546 puer.
1779 3477 1940 3550 Apud
1991 3479 2208 3533 Graecos
2265 3478 2442 3529 infans
2495 3475 2583 3529 die

1551 3558 1740 3627 quinto
1766 3558 2120 3623 lustrabatur3
2152 3557 2245 3611 sed
2275 3556 2421 3629 apud
2439 3556 2584 3608 Lati-

1549 3652 1652 3689 nos
1681 3649 1873 3691 octavo
1909 3638 2128 3709 quidem
2160 3638 2381 3709 puellae,
2431 3654 2582 3689 nono

1551 3718 1740 3788 pueri:
1765 3719 1859 3789 qui
1891 3718 1995 3770 dies
2024 3720 2248 3770 lustr-icus
2280 3716 2588 3780 dicebatur,

1551 3797 1874 3867 Symmacho
1946 3798 2180 3851 lustratus
2239 3796 2519 3850 solemnitas
2562 3815 2582 3848 .·

1549 3876 1680 3929 item
1710 3878 2023 3944 Nominum,
2067 3878 2192 3951 quia
2222 3894 2422 3930 nomen
2467 3888 2583 3928 tum

1549 3957 1629 4009 illi
1667 3956 1976 4012 indebatur.
2003 3958 2368 4011 Tertullianus
2403 3958 2582 4011 Nomi-

1547 4038 1700 4089 nalc'a.
1729 4036 1961 4109 Gregor.
2001 4036 2222 4093 Nazian·
2261 4028 2586 4110 ὀνομαςῆρισι

1545 4116 1700 4171 dixit.
1723 4116 1944 4171 Smne.

1629 4216 1722 4267 71.
1748 4198 1866 4251 Non
1895 4198 2064 4258 audes.
2088 4198 2244 4254 Asin.
2264 4200 2338 4263 11,
2369 4206 2422 4267 4,
2445 4218 2543 4269 7⁰·
