<?xml version="1.0" encoding="UTF-8"?>
<!DOCTYPE html PUBLIC "-//W3C//DTD XHTML 1.0 Transitional//EN"
    "http://www.w3.org/TR/xhtml1/DTD/xhtml1-transitional.dtd">
<html xmlns="http://www.w3.org/1999/xhtml" xml:lang="en" lang="en">
 <head>
  <title>
</title>
<meta http-equiv="Content-Type" content="text/html;charset=utf-8" />
  <meta name='ocr-system' content='tesseract 3.04.00' />
  <meta name='ocr-capabilities' content='ocr_page ocr_carea ocr_par ocr_line ocrx_word'/>
</head>
<body>
  <div class='ocr_page' id='page_1' title='image "./macciiplauticom00naudgoog_0303.png"; bbox 0 0 3067 5017; ppageno 0'>
   <div class='ocr_carea' id='block_1_1' title="bbox 788 547 2396 652">
    <p class='ocr_par' dir='ltr' id='par_1_1' title="bbox 788 547 2396 652">
     <span class='ocr_line' id='line_1_1' title="bbox 788 547 2396 652; baseline 0.002 -29"><span class='ocrx_word' id='word_1_1' title='bbox 788 547 1131 624; x_wconf 76' lang='lat' dir='ltr'><strong>AcTth</strong></span> <span class='ocrx_word' id='word_1_2' title='bbox 1181 553 1286 639; x_wconf 88' lang='lat' dir='ltr'><strong>v,</strong></span> <span class='ocrx_word' id='word_1_3' title='bbox 1337 554 1679 623; x_wconf 74' lang='lat' dir='ltr'><strong>scENA</strong></span> <span class='ocrx_word' id='word_1_4' title='bbox 1726 556 1877 624; x_wconf 90' lang='lat'><em>111.</em></span> <span class='ocrx_word' id='word_1_5' title='bbox 2254 556 2396 652; x_wconf 78' lang='lat'><strong>293</strong></span> 
     </span>
    </p>
   </div>
   <div class='ocr_carea' id='block_1_2' title="bbox 220 674 2398 1212">
    <p class='ocr_par' dir='ltr' id='par_1_2' title="bbox 252 674 2398 855">
     <span class='ocr_line' id='line_1_2' title="bbox 252 674 2398 770; baseline 0 -22"><span class='ocrx_word' id='word_1_6' title='bbox 252 700 464 748; x_wconf 61' lang='lat' dir='ltr'><strong>tamt.</strong></span> <span class='ocrx_word' id='word_1_7' title='bbox 497 680 682 746; x_wconf 88' lang='lat' dir='ltr'><strong>Bene</strong></span> <span class='ocrx_word' id='word_1_8' title='bbox 706 728 726 763; x_wconf 94' lang='lat'><strong>,</strong></span> <span class='ocrx_word' id='word_1_9' title='bbox 757 675 1088 746; x_wconf 82' lang='lat' dir='ltr'><strong>mehercle</strong></span> <span class='ocrx_word' id='word_1_10' title='bbox 1106 730 1128 764; x_wconf 93' lang='lat'><strong>,</strong></span> <span class='ocrx_word' id='word_1_11' title='bbox 1152 674 1535 761; x_wconf 80' lang='lat' dir='ltr'><strong>factum’st3</strong></span> <span class='ocrx_word' id='word_1_12' title='bbox 1569 701 1775 770; x_wconf 90' lang='lat' dir='ltr'><strong>quom</strong></span> <span class='ocrx_word' id='word_1_13' title='bbox 1808 679 1991 748; x_wconf 71' lang='lat' dir='ltr'><strong>istaec</strong></span> <span class='ocrx_word' id='word_1_14' title='bbox 2019 701 2126 747; x_wconf 86' lang='lat' dir='ltr'><strong>res</strong></span> <span class='ocrx_word' id='word_1_15' title='bbox 2159 678 2284 748; x_wconf 83' lang='lat' dir='ltr'><strong>tibi</strong></span> <span class='ocrx_word' id='word_1_16' title='bbox 2316 703 2398 748; x_wconf 84' lang='lat' dir='ltr'><strong>ex</strong></span> 
     </span>
     <span class='ocr_line' id='line_1_3' title="bbox 546 787 879 855; baseline 0 -1"><span class='ocrx_word' id='word_1_17' title='bbox 546 787 879 855; x_wconf 86' lang='lat' dir='ltr'><strong>sententia</strong></span> 
     </span>
    </p>

    <p class='ocr_par' dir='ltr' id='par_1_3' title="bbox 220 891 2396 990">
     <span class='ocr_line' id='line_1_4' title="bbox 220 891 2396 990; baseline 0.002 -28"><span class='ocrx_word' id='word_1_18' title='bbox 220 891 532 980; x_wconf 25' lang='lat' dir='ltr'><strong>‘Polchre</strong></span> <span class='ocrx_word' id='word_1_19' title='bbox 547 896 769 964; x_wconf 85' lang='lat' dir='ltr'><strong>evenit</strong></span> <span class='ocrx_word' id='word_1_20' title='bbox 787 951 807 984; x_wconf 93' lang='lat'><strong>,</strong></span> <span class='ocrx_word' id='word_1_21' title='bbox 829 894 1110 990; x_wconf 83' lang='lat' dir='ltr'><strong>gaudeo.</strong></span> <span class='ocrx_word' id='word_1_22' title='bbox 1132 919 1330 966; x_wconf 65' lang='lat' dir='ltr'><strong>nam.</strong></span> <span class='ocrx_word' id='word_1_23' title='bbox 1357 901 1543 966; x_wconf 90' lang='lat' dir='ltr'><strong>Istuc</strong></span> <span class='ocrx_word' id='word_1_24' title='bbox 1559 895 1753 964; x_wconf 88' lang='lat' dir='ltr'><strong>facile</strong></span> <span class='ocrx_word' id='word_1_25' title='bbox 1769 921 1909 965; x_wconf 90' lang='lat' dir='ltr'><strong>non</strong></span> <span class='ocrx_word' id='word_1_26' title='bbox 1940 895 2141 966; x_wconf 87' lang='lat' dir='ltr'><strong>credo</strong></span> <span class='ocrx_word' id='word_1_27' title='bbox 2166 897 2313 966; x_wconf 89' lang='lat' dir='ltr'><strong>tibi.</strong></span> <span class='ocrx_word' id='word_1_28' title='bbox 2348 931 2396 957; x_wconf 82' lang='grc' dir='ltr'><strong>ιο</strong></span> 
     </span>
    </p>

    <p class='ocr_par' dir='ltr' id='par_1_4' title="bbox 249 1006 2355 1104">
     <span class='ocr_line' id='line_1_5' title="bbox 249 1006 2355 1104; baseline 0.001 -31"><span class='ocrx_word' id='word_1_29' title='bbox 249 1029 452 1074; x_wconf 79' lang='lat' dir='ltr'>LABR.</span> <span class='ocrx_word' id='word_1_30' title='bbox 485 1009 672 1089; x_wconf 90' lang='lat' dir='ltr'><strong>Imo,</strong></span> <span class='ocrx_word' id='word_1_31' title='bbox 693 1006 918 1078; x_wconf 86' lang='lat' dir='ltr'><strong>hercle</strong></span> <span class='ocrx_word' id='word_1_32' title='bbox 939 1059 960 1094; x_wconf 90' lang='lat'>‚</span> <span class='ocrx_word' id='word_1_33' title='bbox 980 1021 1057 1076; x_wconf 90' lang='lat' dir='ltr'><strong>ut</strong></span> <span class='ocrx_word' id='word_1_34' title='bbox 1083 1007 1252 1076; x_wconf 87' lang='lat' dir='ltr'><strong>scias</strong></span> <span class='ocrx_word' id='word_1_35' title='bbox 1287 1007 1579 1104; x_wconf 85' lang='lat' dir='ltr'><strong>gaudere</strong></span> <span class='ocrx_word' id='word_1_36' title='bbox 1606 1032 1751 1094; x_wconf 91' lang='lat' dir='ltr'><strong>me,</strong></span> <span class='ocrx_word' id='word_1_37' title='bbox 1782 1007 1951 1076; x_wconf 87' lang='lat' dir='ltr'><strong>mihi</strong></span> <span class='ocrx_word' id='word_1_38' title='bbox 1987 1006 2355 1076; x_wconf 87' lang='lat' dir='ltr'>triobolum</span> 
     </span>
    </p>

    <p class='ocr_par' dir='ltr' id='par_1_5' title="bbox 253 1115 2394 1212">
     <span class='ocr_line' id='line_1_6' title="bbox 253 1115 2394 1212; baseline 0.001 -29"><span class='ocrx_word' id='word_1_39' title='bbox 253 1115 365 1184; x_wconf 88' lang='lat' dir='ltr'><strong>Ob</strong></span> <span class='ocrx_word' id='word_1_40' title='bbox 392 1139 536 1183; x_wconf 89' lang='lat' dir='ltr'><strong>eam</strong></span> <span class='ocrx_word' id='word_1_41' title='bbox 561 1141 646 1184; x_wconf 90' lang='lat' dir='ltr'><strong>ne</strong></span> <span class='ocrx_word' id='word_1_42' title='bbox 675 1116 834 1186; x_wconf 89' lang='lat' dir='ltr'><strong>duis</strong></span> <span class='ocrx_word' id='word_1_43' title='bbox 853 1142 873 1204; x_wconf 90' lang='lat'>;</span> <span class='ocrx_word' id='word_1_44' title='bbox 895 1115 1206 1186; x_wconf 89' lang='lat' dir='ltr'><strong>condono</strong></span> <span class='ocrx_word' id='word_1_45' title='bbox 1232 1133 1318 1186; x_wconf 88' lang='lat' dir='ltr'><strong>te.</strong></span> <span class='ocrx_word' id='word_1_46' title='bbox 1351 1141 1547 1187; x_wconf 72' lang='lat' dir='ltr'><strong>nAEu.</strong></span> <span class='ocrx_word' id='word_1_47' title='bbox 1576 1118 1899 1210; x_wconf 83' lang='lat' dir='ltr'><strong>Benigne,</strong></span> <span class='ocrx_word' id='word_1_48' title='bbox 1920 1117 2158 1212; x_wconf 89' lang='lat' dir='ltr'><strong>edepol</strong></span> <span class='ocrx_word' id='word_1_49' title='bbox 2178 1118 2394 1203; x_wconf 81' lang='lat' dir='ltr'><strong>,facis.</strong></span> 
     </span>
    </p>
   </div>
   <div class='ocr_carea' id='block_1_3' title="bbox 252 1226 2398 1407">
    <p class='ocr_par' dir='ltr' id='par_1_6' title="bbox 252 1226 2398 1407">
     <span class='ocr_line' id='line_1_7' title="bbox 252 1226 2398 1320; baseline 0 -27"><span class='ocrx_word' id='word_1_50' title='bbox 252 1248 464 1294; x_wconf 73' lang='lat' dir='ltr'>LABR.</span> <span class='ocrx_word' id='word_1_51' title='bbox 489 1230 637 1296; x_wconf 90' lang='lat' dir='ltr'><strong>Imo</strong></span> <span class='ocrx_word' id='word_1_52' title='bbox 657 1241 732 1294; x_wconf 90' lang='lat' dir='ltr'><strong>tu</strong></span> <span class='ocrx_word' id='word_1_53' title='bbox 755 1226 1028 1320; x_wconf 89' lang='lat' dir='ltr'><strong>quidem</strong></span> <span class='ocrx_word' id='word_1_54' title='bbox 1049 1279 1070 1312; x_wconf 89' lang='lat'><strong>,</strong></span> <span class='ocrx_word' id='word_1_55' title='bbox 1097 1227 1323 1296; x_wconf 85' lang='lat' dir='ltr'><strong>hercle</strong></span> <span class='ocrx_word' id='word_1_56' title='bbox 1341 1281 1362 1315; x_wconf 95' lang='lat'><strong>,</strong></span> <span class='ocrx_word' id='word_1_57' title='bbox 1388 1251 1569 1296; x_wconf 87' lang='lat' dir='ltr'><strong>vero.</strong></span> <span class='ocrx_word' id='word_1_58' title='bbox 1610 1249 1805 1297; x_wconf 71' lang='lat' dir='ltr'><strong>emp.</strong></span> <span class='ocrx_word' id='word_1_59' title='bbox 1831 1231 2015 1296; x_wconf 90' lang='lat' dir='ltr'><strong>Heus</strong></span> <span class='ocrx_word' id='word_1_60' title='bbox 2035 1240 2145 1310; x_wconf 93' lang='lat' dir='ltr'><strong>tu,</strong></span> <span class='ocrx_word' id='word_1_61' title='bbox 2169 1227 2398 1320; x_wconf 84' lang='lat' dir='ltr'><strong>jamne</strong></span> 
     </span>
     <span class='ocr_line' id='line_1_8' title="bbox 552 1334 1144 1407; baseline 0.005 -4"><span class='ocrx_word' id='word_1_62' title='bbox 552 1334 758 1405; x_wconf 88' lang='lat' dir='ltr'><strong>habes</strong></span> <span class='ocrx_word' id='word_1_63' title='bbox 793 1336 1144 1407; x_wconf 83' lang='lat' dir='ltr'><strong>vidulum?</strong></span> 
     </span>
    </p>
   </div>
   <div class='ocr_carea' id='block_1_4' title="bbox 253 1443 2495 2967">
    <p class='ocr_par' dir='ltr' id='par_1_7' title="bbox 254 1443 2495 1650">
     <span class='ocr_line' id='line_1_9' title="bbox 254 1443 2495 1540; baseline -0 -28"><span class='ocrx_word' id='word_1_64' title='bbox 254 1467 412 1513; x_wconf 68' lang='lat' dir='ltr'><strong>Lu.</strong></span> <span class='ocrx_word' id='word_1_65' title='bbox 447 1444 703 1515; x_wconf 87' lang='lat' dir='ltr'><strong>Habeo.</strong></span> <span class='ocrx_word' id='word_1_66' title='bbox 735 1467 930 1516; x_wconf 71' lang='lat' dir='ltr'><strong>emp.</strong></span> <span class='ocrx_word' id='word_1_67' title='bbox 967 1449 1283 1540; x_wconf 86' lang='lat' dir='ltr'><strong>Propera.</strong></span> <span class='ocrx_word' id='word_1_68' title='bbox 1313 1469 1514 1515; x_wconf 68' lang='lat' dir='ltr'><strong>mnu.</strong></span> <span class='ocrx_word' id='word_1_69' title='bbox 1548 1444 1736 1535; x_wconf 87' lang='lat' dir='ltr'><strong>Quid</strong></span> <span class='ocrx_word' id='word_1_70' title='bbox 1765 1443 2397 1540; x_wconf 76' lang='lat' dir='ltr'><strong>properabo?‹;1ul³.</strong></span> <span class='ocrx_word' id='word_1_71' title='bbox 2492 1469 2495 1472; x_wconf 46' lang='lat'><strong>⁴</strong></span> 
     </span>
     <span class='ocr_line' id='line_1_10' title="bbox 542 1555 1457 1650; baseline 0.002 -26"><span class='ocrx_word' id='word_1_72' title='bbox 542 1555 849 1624; x_wconf 83' lang='lat' dir='ltr'><strong>Reddere</strong></span> <span class='ocrx_word' id='word_1_73' title='bbox 883 1572 1234 1650; x_wconf 84' lang='lat' dir='ltr'><strong>argentum</strong></span> <span class='ocrx_word' id='word_1_74' title='bbox 1267 1556 1457 1626; x_wconf 84' lang='lat' dir='ltr'><strong>mihi.</strong></span> 
     </span>
    </p>

    <p class='ocr_par' dir='ltr' id='par_1_8' title="bbox 253 1662 2399 1866">
     <span class='ocr_line' id='line_1_11' title="bbox 253 1662 2399 1760; baseline 0.001 -28"><span class='ocrx_word' id='word_1_75' title='bbox 253 1687 462 1734; x_wconf 74' lang='lat' dir='ltr'>LABR.</span> <span class='ocrx_word' id='word_1_76' title='bbox 517 1669 750 1759; x_wconf 84' lang='lat' dir='ltr'><strong>Neque</strong></span> <span class='ocrx_word' id='word_1_77' title='bbox 769 1719 788 1754; x_wconf 94' lang='lat'><strong>,</strong></span> <span class='ocrx_word' id='word_1_78' title='bbox 834 1666 1114 1760; x_wconf 89' lang='lat' dir='ltr'><strong>edepol,</strong></span> <span class='ocrx_word' id='word_1_79' title='bbox 1174 1666 1296 1736; x_wconf 90' lang='lat' dir='ltr'><strong>tibi</strong></span> <span class='ocrx_word' id='word_1_80' title='bbox 1339 1665 1427 1735; x_wconf 94' lang='lat' dir='ltr'><strong>do</strong></span> <span class='ocrx_word' id='word_1_81' title='bbox 1444 1720 1464 1753; x_wconf 92' lang='lat'><strong>,</strong></span> <span class='ocrx_word' id='word_1_82' title='bbox 1501 1690 1723 1759; x_wconf 90' lang='lat' dir='ltr'><strong>neque</strong></span> <span class='ocrx_word' id='word_1_83' title='bbox 1763 1663 2131 1760; x_wconf 87' lang='lat' dir='ltr'><strong>quidquam</strong></span> <span class='ocrx_word' id='word_1_84' title='bbox 2170 1662 2399 1735; x_wconf 76' lang='lat' dir='ltr'><strong>debeo·</strong></span> 
     </span>
     <span class='ocr_line' id='line_1_12' title="bbox 543 1774 2398 1866; baseline 0.001 -23"><span class='ocrx_word' id='word_1_85' title='bbox 543 1797 733 1845; x_wconf 70' lang='lat' dir='ltr'><strong>cml».</strong></span> <span class='ocrx_word' id='word_1_86' title='bbox 768 1778 945 1866; x_wconf 84' lang='lat' dir='ltr'><strong>Quae</strong></span> <span class='ocrx_word' id='word_1_87' title='bbox 975 1776 1118 1845; x_wconf 84' lang='lat' dir='ltr'><strong>haec</strong></span> <span class='ocrx_word' id='word_1_88' title='bbox 1144 1775 1347 1846; x_wconf 88' lang='lat' dir='ltr'><strong>factio</strong></span> <span class='ocrx_word' id='word_1_89' title='bbox 1359 1774 1492 1844; x_wconf 73' lang='lat' dir='ltr'><strong>’sti&#39;</strong></span> <span class='ocrx_word' id='word_1_90' title='bbox 2348 1793 2398 1834; x_wconf 66' lang='grc' dir='ltr'><strong>ιε</strong></span> 
     </span>
    </p>

    <p class='ocr_par' dir='ltr' id='par_1_9' title="bbox 255 1881 2395 2065">
     <span class='ocr_line' id='line_1_13' title="bbox 255 1881 2395 1977; baseline -0 -24"><span class='ocrx_word' id='word_1_91' title='bbox 255 1883 411 1953; x_wconf 84' lang='lat' dir='ltr'><strong>Non</strong></span> <span class='ocrx_word' id='word_1_92' title='bbox 448 1881 696 1954; x_wconf 81' lang='lat' dir='ltr'><strong>debes?</strong></span> <span class='ocrx_word' id='word_1_93' title='bbox 730 1909 937 1954; x_wconf 77' lang='lat' dir='ltr'>LABR.</span> <span class='ocrx_word' id='word_1_94' title='bbox 975 1889 1175 1972; x_wconf 80' lang='lat' dir='ltr'><strong>Non,</strong></span> <span class='ocrx_word' id='word_1_95' title='bbox 1211 1883 1474 1970; x_wconf 89' lang='lat' dir='ltr'><strong>hercle,</strong></span> <span class='ocrx_word' id='word_1_96' title='bbox 1510 1899 1693 1953; x_wconf 83' lang='lat' dir='ltr'><strong>vero.</strong></span> <span class='ocrx_word' id='word_1_97' title='bbox 1732 1908 1927 1954; x_wconf 70' lang='lat' dir='ltr'><strong>emp.</strong></span> <span class='ocrx_word' id='word_1_98' title='bbox 1969 1887 2129 1956; x_wconf 90' lang='lat' dir='ltr'><strong>Non</strong></span> <span class='ocrx_word' id='word_1_99' title='bbox 2176 1899 2252 1954; x_wconf 91' lang='lat' dir='ltr'><strong>tu</strong></span> <span class='ocrx_word' id='word_1_100' title='bbox 2282 1884 2395 1977; x_wconf 86' lang='lat' dir='ltr'><strong>ju-</strong></span> 
     </span>
     <span class='ocr_line' id='line_1_14' title="bbox 547 1995 1106 2065; baseline 0.007 -4"><span class='ocrx_word' id='word_1_101' title='bbox 547 2009 733 2062; x_wconf 88' lang='lat' dir='ltr'><strong>ratus</strong></span> <span class='ocrx_word' id='word_1_102' title='bbox 769 1995 937 2064; x_wconf 88' lang='lat' dir='ltr'><strong>mihi</strong></span> <span class='ocrx_word' id='word_1_103' title='bbox 982 1995 1106 2065; x_wconf 85' lang='lat' dir='ltr'><strong>es?</strong></span> 
     </span>
    </p>

    <p class='ocr_par' dir='ltr' id='par_1_10' title="bbox 254 2103 2402 2283">
     <span class='ocr_line' id='line_1_15' title="bbox 254 2103 2402 2199; baseline 0.001 -29"><span class='ocrx_word' id='word_1_104' title='bbox 254 2125 456 2171; x_wconf 67' lang='lat' dir='ltr'><strong>nun.</strong></span> <span class='ocrx_word' id='word_1_105' title='bbox 493 2105 766 2173; x_wconf 87' lang='lat' dir='ltr'><strong>Juratus</strong></span> <span class='ocrx_word' id='word_1_106' title='bbox 803 2130 986 2192; x_wconf 87' lang='lat' dir='ltr'><strong>sum;</strong></span> <span class='ocrx_word' id='word_1_107' title='bbox 1021 2121 1088 2175; x_wconf 89' lang='lat' dir='ltr'><strong>et</strong></span> <span class='ocrx_word' id='word_1_108' title='bbox 1121 2130 1304 2174; x_wconf 90' lang='lat' dir='ltr'><strong>nunc</strong></span> <span class='ocrx_word' id='word_1_109' title='bbox 1334 2105 1612 2199; x_wconf 85' lang='lat' dir='ltr'><strong>jurabo,</strong></span> <span class='ocrx_word' id='word_1_110' title='bbox 1651 2105 1706 2174; x_wconf 87' lang='lat' dir='ltr'><strong>si</strong></span> <span class='ocrx_word' id='word_1_111' title='bbox 1741 2103 1908 2199; x_wconf 87' lang='lat' dir='ltr'><strong>quid</strong></span> <span class='ocrx_word' id='word_1_112' title='bbox 1938 2103 2271 2198; x_wconf 84' lang='lat' dir='ltr'><strong>voluptati</strong></span> <span class='ocrx_word' id='word_1_113' title='bbox 2300 2118 2402 2173; x_wconf 87' lang='lat' dir='ltr'><strong>est</strong></span> 
     </span>
     <span class='ocr_line' id='line_1_16' title="bbox 553 2213 745 2283; baseline 0.016 -3"><span class='ocrx_word' id='word_1_114' title='bbox 553 2213 745 2283; x_wconf 87' lang='lat' dir='ltr'><strong>mihi.</strong></span> 
     </span>
    </p>

    <p class='ocr_par' dir='ltr' id='par_1_11' title="bbox 257 2321 2399 2418">
     <span class='ocr_line' id='line_1_17' title="bbox 257 2321 2399 2418; baseline 0.002 -29"><span class='ocrx_word' id='word_1_115' title='bbox 257 2321 737 2414; x_wconf 84' lang='lat' dir='ltr'><strong>Jusjurandum</strong></span> <span class='ocrx_word' id='word_1_116' title='bbox 775 2325 868 2391; x_wconf 88' lang='lat' dir='ltr'><strong>rei</strong></span> <span class='ocrx_word' id='word_1_117' title='bbox 913 2323 1286 2406; x_wconf 84' lang='lat' dir='ltr'><strong>servandae,</strong></span> <span class='ocrx_word' id='word_1_118' title='bbox 1327 2350 1465 2393; x_wconf 90' lang='lat' dir='ltr'><strong>non</strong></span> <span class='ocrx_word' id='word_1_119' title='bbox 1501 2323 1905 2418; x_wconf 84' lang='lat' dir='ltr'><strong>perdundae,</strong></span> <span class='ocrx_word' id='word_1_120' title='bbox 1940 2323 2287 2394; x_wconf 90' lang='lat' dir='ltr'><strong>conditum</strong></span> <span class='ocrx_word' id='word_1_121' title='bbox 2301 2323 2399 2395; x_wconf 59' lang='grc' dir='ltr'><strong>ἐι</strong></span> 
     </span>
    </p>

    <p class='ocr_par' dir='ltr' id='par_1_12' title="bbox 256 2431 2397 2613">
     <span class='ocr_line' id='line_1_18' title="bbox 256 2431 2397 2529; baseline 0.001 -28"><span class='ocrx_word' id='word_1_122' title='bbox 256 2455 450 2502; x_wconf 71' lang='lat' dir='ltr'><strong>Gna».</strong></span> <span class='ocrx_word' id='word_1_123' title='bbox 476 2431 706 2520; x_wconf 88' lang='lat' dir='ltr'><strong>Cedo,</strong></span> <span class='ocrx_word' id='word_1_124' title='bbox 747 2433 836 2503; x_wconf 89' lang='lat' dir='ltr'><strong>sis</strong></span> <span class='ocrx_word' id='word_1_125' title='bbox 855 2487 874 2519; x_wconf 91' lang='lat'><strong>,</strong></span> <span class='ocrx_word' id='word_1_126' title='bbox 905 2433 1074 2502; x_wconf 90' lang='lat' dir='ltr'><strong>mihi</strong></span> <span class='ocrx_word' id='word_1_127' title='bbox 1110 2433 1438 2504; x_wconf 80' lang='lat' dir='ltr'><strong>talentum</strong></span> <span class='ocrx_word' id='word_1_128' title='bbox 1476 2456 1796 2528; x_wconf 77' lang='lat' dir='ltr'><strong>magnum</strong></span> <span class='ocrx_word' id='word_1_129' title='bbox 1832 2433 2094 2527; x_wconf 78' lang='lat' dir='ltr'><strong>argenti</strong></span> <span class='ocrx_word' id='word_1_130' title='bbox 2112 2486 2132 2517; x_wconf 92' lang='lat'><strong>,</strong></span> <span class='ocrx_word' id='word_1_131' title='bbox 2171 2435 2397 2529; x_wconf 84' lang='lat' dir='ltr'><strong>perju-</strong></span> 
     </span>
     <span class='ocr_line' id='line_1_19' title="bbox 550 2565 855 2613; baseline 0.003 -5"><span class='ocrx_word' id='word_1_132' title='bbox 550 2565 855 2613; x_wconf 73' lang='lat' dir='ltr'><strong>rissume.</strong></span> 
     </span>
    </p>

    <p class='ocr_par' dir='ltr' id='par_1_13' title="bbox 258 2651 2396 2746">
     <span class='ocr_line' id='line_1_20' title="bbox 258 2651 2396 2746; baseline 0 -26"><span class='ocrx_word' id='word_1_133' title='bbox 258 2674 449 2721; x_wconf 72' lang='lat' dir='ltr'><strong>nm·</strong></span> <span class='ocrx_word' id='word_1_134' title='bbox 500 2652 748 2746; x_wconf 84' lang='lat' dir='ltr'><strong>Gripe,</strong></span> <span class='ocrx_word' id='word_1_135' title='bbox 790 2651 971 2746; x_wconf 92' lang='lat' dir='ltr'><strong>quod</strong></span> <span class='ocrx_word' id='word_1_136' title='bbox 1009 2667 1084 2720; x_wconf 92' lang='lat' dir='ltr'><strong>tu</strong></span> <span class='ocrx_word' id='word_1_137' title='bbox 1122 2653 1320 2722; x_wconf 87' lang='lat' dir='ltr'><strong>istum</strong></span> <span class='ocrx_word' id='word_1_138' title='bbox 1361 2651 1686 2721; x_wconf 81' lang='lat' dir='ltr'><strong>talentum</strong></span> <span class='ocrx_word' id='word_1_139' title='bbox 1724 2651 1945 2746; x_wconf 88' lang='lat' dir='ltr'><strong>poscis</strong></span> <span class='ocrx_word' id='word_1_140' title='bbox 1972 2652 2238 2723; x_wconf 55' lang='lat' dir='ltr'><strong>rann».</strong></span> <span class='ocrx_word' id='word_1_141' title='bbox 2271 2657 2396 2722; x_wconf 85' lang='lat' dir='ltr'><strong>Ju-</strong></span> 
     </span>
    </p>

    <p class='ocr_par' dir='ltr' id='par_1_14' title="bbox 259 2750 2406 2967">
     <span class='ocr_line' id='line_1_21' title="bbox 303 2750 2406 2831; baseline 0.001 -1"><span class='ocrx_word' id='word_1_142' title='bbox 303 2771 310 2776; x_wconf 75' lang='grc'><strong>’</strong></span> <span class='ocrx_word' id='word_1_143' title='bbox 548 2760 782 2830; x_wconf 88' lang='lat' dir='ltr'><strong>ratu’st</strong></span> <span class='ocrx_word' id='word_1_144' title='bbox 824 2762 997 2831; x_wconf 87' lang='lat' dir='ltr'><strong>mihi</strong></span> <span class='ocrx_word' id='word_1_145' title='bbox 1272 2750 1288 2764; x_wconf 62' lang='lat'><em>⁶</em></span> <span class='ocrx_word' id='word_1_146' title='bbox 2350 2797 2406 2824; x_wconf 72' lang='grc' dir='ltr'><strong>ιο</strong></span> 
     </span>
     <span class='ocr_line' id='line_1_22' title="bbox 259 2871 2348 2967; baseline 0.001 -27"><span class='ocrx_word' id='word_1_147' title='bbox 259 2872 458 2940; x_wconf 88' lang='lat' dir='ltr'><strong>Dare.</strong></span> <span class='ocrx_word' id='word_1_148' title='bbox 477 2895 682 2950; x_wconf 61' lang='lat' dir='ltr'>LABR.</span> <span class='ocrx_word' id='word_1_149' title='bbox 707 2871 930 2941; x_wconf 90' lang='lat' dir='ltr'><strong>Lubet</strong></span> <span class='ocrx_word' id='word_1_150' title='bbox 939 2871 1202 2964; x_wconf 86' lang='lat' dir='ltr'><strong>jurare:</strong></span> <span class='ocrx_word' id='word_1_151' title='bbox 1237 2871 1380 2943; x_wconf 90' lang='lat' dir='ltr'><strong>tun’</strong></span> <span class='ocrx_word' id='word_1_152' title='bbox 1398 2897 1550 2942; x_wconf 86' lang='lat' dir='ltr'><strong>meo</strong></span> <span class='ocrx_word' id='word_1_153' title='bbox 1575 2871 1882 2967; x_wconf 86' lang='lat' dir='ltr'><strong>pontifex</strong></span> <span class='ocrx_word' id='word_1_154' title='bbox 1904 2872 2204 2966; x_wconf 86' lang='lat' dir='ltr'><strong>perjurio</strong></span> <span class='ocrx_word' id='word_1_155' title='bbox 2232 2873 2348 2942; x_wconf 65' lang='lat' dir='ltr'><strong>ee?</strong></span> 
     </span>
    </p>
   </div>
   <div class='ocr_carea' id='block_1_5' title="bbox 252 3051 2397 3206">
    <p class='ocr_par' dir='ltr' id='par_1_15' title="bbox 252 3051 2397 3206">
     <span class='ocr_line' id='line_1_23' title="bbox 343 3051 2389 3126; baseline 0 -20"><span class='ocrx_word' id='word_1_156' title='bbox 343 3069 433 3106; x_wconf 65' lang='grc' dir='ltr'><strong>ιιι</strong></span> <span class='ocrx_word' id='word_1_157' title='bbox 464 3052 701 3106; x_wconf 80' lang='lat' dir='ltr'><strong>Condono</strong></span> <span class='ocrx_word' id='word_1_158' title='bbox 737 3066 799 3108; x_wconf 76' lang='lat' dir='ltr'><strong>te.</strong></span> <span class='ocrx_word' id='word_1_159' title='bbox 827 3052 1150 3108; x_wconf 80' lang='lat' dir='ltr'><strong>Condonare</strong></span> <span class='ocrx_word' id='word_1_160' title='bbox 1173 3053 1271 3108; x_wconf 76' lang='lat' dir='ltr'><strong>ali·</strong></span> <span class='ocrx_word' id='word_1_161' title='bbox 1359 3055 1416 3108; x_wconf 83' lang='lat' dir='ltr'><strong>i&#39;n</strong></span> <span class='ocrx_word' id='word_1_162' title='bbox 1442 3055 1714 3126; x_wconf 75' lang='lat' dir='ltr'><strong>perjuros,</strong></span> <span class='ocrx_word' id='word_1_163' title='bbox 1734 3063 1825 3106; x_wconf 86' lang='lat' dir='ltr'><strong>aut</strong></span> <span class='ocrx_word' id='word_1_164' title='bbox 1854 3051 2215 3122; x_wconf 78' lang='lat' dir='ltr'><strong>expiationem</strong></span> <span class='ocrx_word' id='word_1_165' title='bbox 2233 3092 2249 3119; x_wconf 90' lang='lat'><strong>,</strong></span> <span class='ocrx_word' id='word_1_166' title='bbox 2269 3073 2389 3124; x_wconf 79' lang='lat' dir='ltr'><strong>quae</strong></span> 
     </span>
     <span class='ocr_line' id='line_1_24' title="bbox 252 3131 2397 3206; baseline 0.001 -22"><span class='ocrx_word' id='word_1_167' title='bbox 252 3149 448 3202; x_wconf 83' lang='lat' dir='ltr'><strong>quem,</strong></span> <span class='ocrx_word' id='word_1_168' title='bbox 475 3146 556 3186; x_wconf 76' lang='lat' dir='ltr'><strong>est</strong></span> <span class='ocrx_word' id='word_1_169' title='bbox 575 3132 776 3187; x_wconf 83' lang='lat' dir='ltr'><strong>donare</strong></span> <span class='ocrx_word' id='word_1_170' title='bbox 796 3134 974 3197; x_wconf 84' lang='lat' dir='ltr'><strong>alicui,</strong></span> <span class='ocrx_word' id='word_1_171' title='bbox 1003 3133 1151 3205; x_wconf 86' lang='lat' dir='ltr'><strong>quod</strong></span> <span class='ocrx_word' id='word_1_172' title='bbox 1180 3131 1275 3187; x_wconf 88' lang='lat' dir='ltr'><strong>de·</strong></span> <span class='ocrx_word' id='word_1_173' title='bbox 1363 3153 1394 3186; x_wconf 82' lang='lat' dir='ltr'><strong>a</strong></span> <span class='ocrx_word' id='word_1_174' title='bbox 1424 3133 1683 3206; x_wconf 73' lang='lat' dir='ltr'><strong>pontifice</strong></span> <span class='ocrx_word' id='word_1_175' title='bbox 1714 3131 1831 3186; x_wconf 85' lang='lat' dir='ltr'><strong>fieri</strong></span> <span class='ocrx_word' id='word_1_176' title='bbox 1863 3133 2055 3186; x_wconf 76' lang='lat' dir='ltr'><strong>soleret</strong></span> <span class='ocrx_word' id='word_1_177' title='bbox 2073 3170 2101 3198; x_wconf 77' lang='lat'><strong>,‚</strong></span> <span class='ocrx_word' id='word_1_178' title='bbox 2128 3133 2326 3204; x_wconf 75' lang='lat' dir='ltr'><strong>respici</strong></span> <span class='ocrx_word' id='word_1_179' title='bbox 2366 3153 2397 3186; x_wconf 82' lang='lat' dir='ltr'><strong>a</strong></span> 
     </span>
    </p>
   </div>
   <div class='ocr_carea' id='block_1_6' title="bbox 253 3211 1292 4400">
    <p class='ocr_par' dir='ltr' id='par_1_16' title="bbox 253 3211 1286 3504">
     <span class='ocr_line' id='line_1_25' title="bbox 253 3211 1277 3280; baseline 0.002 -16"><span class='ocrx_word' id='word_1_180' title='bbox 253 3211 435 3278; x_wconf 81' lang='lat' dir='ltr'><strong>hetur,</strong></span> <span class='ocrx_word' id='word_1_181' title='bbox 451 3225 544 3267; x_wconf 75' lang='lat' dir='ltr'><strong>aut</strong></span> <span class='ocrx_word' id='word_1_182' title='bbox 565 3213 829 3280; x_wconf 75' lang='lat' dir='ltr'><strong>offertur:</strong></span> <span class='ocrx_word' id='word_1_183' title='bbox 855 3213 1144 3279; x_wconf 80' lang='lat' dir='ltr'><strong>remittere,</strong></span> <span class='ocrx_word' id='word_1_184' title='bbox 1163 3231 1277 3266; x_wconf 86' lang='lat' dir='ltr'><strong>non</strong></span> 
     </span>
     <span class='ocr_line' id='line_1_26' title="bbox 259 3291 1286 3367; baseline 0.002 -24"><span class='ocrx_word' id='word_1_185' title='bbox 259 3291 505 3363; x_wconf 77' lang='lat' dir='ltr'><strong>exigere3</strong></span> <span class='ocrx_word' id='word_1_186' title='bbox 569 3294 846 3346; x_wconf 75' lang='lat' dir='ltr'><strong>condonare</strong></span> <span class='ocrx_word' id='word_1_187' title='bbox 895 3294 1048 3346; x_wconf 74' lang='lat' dir='ltr'><strong>alicui</strong></span> <span class='ocrx_word' id='word_1_188' title='bbox 1095 3293 1286 3367; x_wconf 75' lang='lat' dir='ltr'><strong>aliquid</strong></span> 
     </span>
     <span class='ocr_line' id='line_1_27' title="bbox 259 3371 1280 3444; baseline 0.004 -22"><span class='ocrx_word' id='word_1_189' title='bbox 259 3383 340 3423; x_wconf 72' lang='lat' dir='ltr'><strong>est</strong></span> <span class='ocrx_word' id='word_1_190' title='bbox 389 3371 538 3425; x_wconf 86' lang='lat' dir='ltr'><strong>idem</strong></span> <span class='ocrx_word' id='word_1_191' title='bbox 587 3371 736 3444; x_wconf 86' lang='lat' dir='ltr'><strong>quod</strong></span> <span class='ocrx_word' id='word_1_192' title='bbox 796 3373 1020 3444; x_wconf 77' lang='lat' dir='ltr'><strong>simplex</strong></span> <span class='ocrx_word' id='word_1_193' title='bbox 1063 3371 1280 3427; x_wconf 86' lang='lat' dir='ltr'><strong>donare.</strong></span> 
     </span>
     <span class='ocr_line' id='line_1_28' title="bbox 259 3443 472 3504; baseline 0 0"><span class='ocrx_word' id='word_1_194' title='bbox 259 3443 472 3504; x_wconf 69' lang='lat' dir='ltr'><strong>Gnor.&#39;</strong></span> 
     </span>
    </p>

    <p class='ocr_par' dir='ltr' id='par_1_17' title="bbox 261 3523 1286 3838">
     <span class='ocr_line' id='line_1_29' title="bbox 348 3523 1286 3586; baseline 0.004 -4"><span class='ocrx_word' id='word_1_195' title='bbox 348 3534 437 3584; x_wconf 86' lang='lat'><strong>18.</strong></span> <span class='ocrx_word' id='word_1_196' title='bbox 477 3531 738 3584; x_wconf 72' lang='lat' dir='ltr'><strong>condicum</strong></span> <span class='ocrx_word' id='word_1_197' title='bbox 775 3523 852 3584; x_wconf 64' lang='grc' dir='ltr'><strong>ἐι.</strong></span> <span class='ocrx_word' id='word_1_198' title='bbox 904 3533 1192 3586; x_wconf 78' lang='lat' dir='ltr'><strong>Inventum</strong></span> <span class='ocrx_word' id='word_1_199' title='bbox 1229 3545 1286 3586; x_wconf 86' lang='lat' dir='ltr'><strong>et</strong></span> 
     </span>
     <span class='ocr_line' id='line_1_30' title="bbox 261 3610 1286 3680; baseline 0.004 -19"><span class='ocrx_word' id='word_1_200' title='bbox 261 3622 626 3680; x_wconf 79' lang='lat' dir='ltr'><strong>comparatum</strong></span> <span class='ocrx_word' id='word_1_201' title='bbox 649 3621 744 3662; x_wconf 78' lang='lat' dir='ltr'><strong>est.</strong></span> <span class='ocrx_word' id='word_1_202' title='bbox 767 3610 973 3664; x_wconf 78' lang='lat' dir='ltr'><strong>Priscus</strong></span> <span class='ocrx_word' id='word_1_203' title='bbox 989 3613 1088 3664; x_wconf 79' lang='lat' dir='ltr'><strong>hac</strong></span> <span class='ocrx_word' id='word_1_204' title='bbox 1110 3611 1286 3664; x_wconf 78' lang='lat' dir='ltr'><strong>brevi·-</strong></span> 
     </span>
     <span class='ocr_line' id='line_1_31' title="bbox 263 3689 1284 3762; baseline 0.003 -21"><span class='ocrx_word' id='word_1_205' title='bbox 263 3699 370 3741; x_wconf 80' lang='lat' dir='ltr'><strong>tate</strong></span> <span class='ocrx_word' id='word_1_206' title='bbox 397 3689 653 3742; x_wconf 77' lang='lat' dir='ltr'><strong>sermonis</strong></span> <span class='ocrx_word' id='word_1_207' title='bbox 675 3689 970 3762; x_wconf 66' lang='lat' dir='ltr'><strong>elegantias.</strong></span> <span class='ocrx_word' id='word_1_208' title='bbox 987 3709 1126 3760; x_wconf 68' lang='lat' dir='ltr'><strong>sape</strong></span> <span class='ocrx_word' id='word_1_209' title='bbox 1143 3709 1284 3758; x_wconf 73' lang='lat' dir='ltr'><strong>mos,</strong></span> 
     </span>
     <span class='ocr_line' id='line_1_32' title="bbox 262 3765 1284 3838; baseline 0.004 -18"><span class='ocrx_word' id='word_1_210' title='bbox 262 3765 420 3821; x_wconf 86' lang='lat' dir='ltr'><strong>docet</strong></span> <span class='ocrx_word' id='word_1_211' title='bbox 438 3768 652 3838; x_wconf 72' lang='lat' dir='ltr'><strong>Lipsius</strong></span> <span class='ocrx_word' id='word_1_212' title='bbox 668 3781 784 3822; x_wconf 85' lang='lat' dir='ltr'><strong>not.</strong></span> <span class='ocrx_word' id='word_1_213' title='bbox 805 3767 873 3822; x_wconf 85' lang='lat' dir='ltr'><strong>ad</strong></span> <span class='ocrx_word' id='word_1_214' title='bbox 891 3769 1079 3821; x_wconf 75' lang='lat' dir='ltr'><strong>libJV</strong></span> <span class='ocrx_word' id='word_1_215' title='bbox 1091 3770 1284 3824; x_wconf 70' lang='lat' dir='ltr'><strong>Taciti.</strong></span> 
     </span>
    </p>

    <p class='ocr_par' dir='ltr' id='par_1_18' title="bbox 261 3849 1292 4400">
     <span class='ocr_line' id='line_1_33' title="bbox 348 3849 1287 3920; baseline 0.002 -20"><span class='ocrx_word' id='word_1_216' title='bbox 348 3866 438 3900; x_wconf 71' lang='grc' dir='ltr'><strong>υ.</strong></span> <span class='ocrx_word' id='word_1_217' title='bbox 471 3849 749 3912; x_wconf 57' lang='lat' dir='ltr'><strong>ruffum,</strong></span> <span class='ocrx_word' id='word_1_218' title='bbox 779 3849 1040 3920; x_wconf 55' lang='lat' dir='ltr'><strong>pontifex,</strong></span> <span class='ocrx_word' id='word_1_219' title='bbox 1072 3853 1287 3918; x_wconf 75' lang='lat' dir='ltr'><strong>perjurio</strong></span> 
     </span>
     <span class='ocr_line' id='line_1_34' title="bbox 264 3926 1288 4000; baseline -0.001 -20"><span class='ocrx_word' id='word_1_220' title='bbox 264 3930 354 3979; x_wconf 76' lang='lat' dir='ltr'><strong>es?</strong></span> <span class='ocrx_word' id='word_1_221' title='bbox 411 3926 547 3980; x_wconf 80' lang='lat' dir='ltr'><strong>Rad.</strong></span> <span class='ocrx_word' id='word_1_222' title='bbox 581 3945 799 4000; x_wconf 84' lang='lat' dir='ltr'><strong>quoque</strong></span> <span class='ocrx_word' id='word_1_223' title='bbox 843 3927 1128 3982; x_wconf 74' lang='lat' dir='ltr'><strong>Fomerius</strong></span> <span class='ocrx_word' id='word_1_224' title='bbox 1173 3929 1288 3994; x_wconf 81' lang='lat' dir='ltr'><strong>VI,</strong></span> 
     </span>
     <span class='ocr_line' id='line_1_35' title="bbox 263 4007 1286 4078; baseline 0.001 -19"><span class='ocrx_word' id='word_1_225' title='bbox 263 4007 434 4072; x_wconf 86' lang='lat' dir='ltr'><strong>Quot.</strong></span> <span class='ocrx_word' id='word_1_226' title='bbox 467 4027 531 4071; x_wconf 77' lang='lat'><strong>2,</strong></span> <span class='ocrx_word' id='word_1_227' title='bbox 564 4008 693 4062; x_wconf 86' lang='lat' dir='ltr'><strong>hinc</strong></span> <span class='ocrx_word' id='word_1_228' title='bbox 719 4007 941 4078; x_wconf 81' lang='lat' dir='ltr'><strong>conjicit</strong></span> <span class='ocrx_word' id='word_1_229' title='bbox 974 4007 1047 4060; x_wconf 88' lang='lat' dir='ltr'><strong>de</strong></span> <span class='ocrx_word' id='word_1_230' title='bbox 1079 4008 1286 4078; x_wconf 79' lang='lat' dir='ltr'><strong>jureju-</strong></span> 
     </span>
     <span class='ocr_line' id='line_1_36' title="bbox 261 4085 1290 4160; baseline 0.002 -22"><span class='ocrx_word' id='word_1_231' title='bbox 261 4085 434 4138; x_wconf 77' lang='lat' dir='ltr'><strong>rando</strong></span> <span class='ocrx_word' id='word_1_232' title='bbox 479 4088 762 4158; x_wconf 76' lang='lat' dir='ltr'><strong>pontifices</strong></span> <span class='ocrx_word' id='word_1_233' title='bbox 805 4087 1129 4160; x_wconf 70' lang='lat' dir='ltr'><strong>cognovisse.</strong></span> <span class='ocrx_word' id='word_1_234' title='bbox 1184 4086 1290 4140; x_wconf 85' lang='lat' dir='ltr'><strong>Sed</strong></span> 
     </span>
     <span class='ocr_line' id='line_1_37' title="bbox 265 4167 1290 4240; baseline 0.003 -23"><span class='ocrx_word' id='word_1_235' title='bbox 265 4183 440 4236; x_wconf 85' lang='lat' dir='ltr'><strong>neque</strong></span> <span class='ocrx_word' id='word_1_236' title='bbox 469 4167 743 4237; x_wconf 58' lang='lat' dir='ltr'><strong>pontificem</strong></span> <span class='ocrx_word' id='word_1_237' title='bbox 784 4187 887 4240; x_wconf 81' lang='lat' dir='ltr'><strong>pro</strong></span> <span class='ocrx_word' id='word_1_238' title='bbox 931 4167 1146 4221; x_wconf 85' lang='lat' dir='ltr'><strong>arbitro.</strong></span> <span class='ocrx_word' id='word_1_239' title='bbox 1177 4167 1290 4238; x_wconf 78' lang='lat' dir='ltr'><strong>pati</strong></span> 
     </span>
     <span class='ocr_line' id='line_1_38' title="bbox 267 4247 1289 4320; baseline 0.002 -22"><span class='ocrx_word' id='word_1_240' title='bbox 267 4264 484 4316; x_wconf 69' lang='lat' dir='ltr'><strong>pensum</strong></span> <span class='ocrx_word' id='word_1_241' title='bbox 504 4247 706 4318; x_wconf 83' lang='lat' dir='ltr'><strong>accipi,</strong></span> <span class='ocrx_word' id='word_1_242' title='bbox 726 4265 900 4320; x_wconf 85' lang='lat' dir='ltr'><strong>neque</strong></span> <span class='ocrx_word' id='word_1_243' title='bbox 919 4259 1013 4301; x_wconf 87' lang='lat' dir='ltr'><strong>aut</strong></span> <span class='ocrx_word' id='word_1_244' title='bbox 1029 4247 1289 4301; x_wconf 83' lang='lat' dir='ltr'><strong>ultionem</strong></span> 
     </span>
     <span class='ocr_line' id='line_1_39' title="bbox 267 4323 1292 4400; baseline 0.002 -21"><span class='ocrx_word' id='word_1_245' title='bbox 267 4323 796 4398; x_wconf 73' lang='lat' dir='ltr'><strong>jurisdictionemque</strong></span> <span class='ocrx_word' id='word_1_246' title='bbox 843 4327 1004 4383; x_wconf 66' lang='lat' dir='ltr'><strong>fuisse</strong></span> <span class='ocrx_word' id='word_1_247' title='bbox 1049 4327 1292 4400; x_wconf 82' lang='lat' dir='ltr'><strong>pontifici</strong></span> 
     </span>
    </p>
   </div>
   <div class='ocr_carea' id='block_1_7' title="bbox 1366 3209 2406 4399">
    <p class='ocr_par' dir='ltr' id='par_1_19' title="bbox 1366 3209 2406 4399">
     <span class='ocr_line' id='line_1_40' title="bbox 1366 3209 2395 3284; baseline -0.002 -18"><span class='ocrx_word' id='word_1_248' title='bbox 1366 3215 1558 3267; x_wconf 76' lang='lat' dir='ltr'><strong>Plauto</strong></span> <span class='ocrx_word' id='word_1_249' title='bbox 1606 3225 1739 3284; x_wconf 85' lang='lat' dir='ltr'><strong>puto</strong></span> <span class='ocrx_word' id='word_1_250' title='bbox 1775 3231 1797 3264; x_wconf 72' lang='grc' dir='ltr'><em>τ</em></span> <span class='ocrx_word' id='word_1_251' title='bbox 1841 3209 1941 3264; x_wconf 79' lang='lat' dir='ltr'><strong>sed·</strong></span> <span class='ocrx_word' id='word_1_252' title='bbox 1976 3225 2395 3280; x_wconf 77' lang='lat' dir='ltr'><strong>sacramentum,</strong></span> 
     </span>
     <span class='ocr_line' id='line_1_41' title="bbox 1368 3291 2398 3366; baseline 0 -20"><span class='ocrx_word' id='word_1_253' title='bbox 1368 3291 1520 3366; x_wconf 82' lang='lat' dir='ltr'><strong>quod</strong></span> <span class='ocrx_word' id='word_1_254' title='bbox 1544 3305 1657 3346; x_wconf 86' lang='lat' dir='ltr'><strong>erat</strong></span> <span class='ocrx_word' id='word_1_255' title='bbox 1682 3309 1838 3362; x_wconf 83' lang='lat' dir='ltr'><strong>poena</strong></span> <span class='ocrx_word' id='word_1_256' title='bbox 1863 3291 2090 3362; x_wconf 80' lang='lat' dir='ltr'><strong>perjurii</strong></span> <span class='ocrx_word' id='word_1_257' title='bbox 2122 3292 2265 3344; x_wconf 86' lang='lat' dir='ltr'><strong>inter</strong></span> <span class='ocrx_word' id='word_1_258' title='bbox 2289 3293 2398 3346; x_wconf 85' lang='lat' dir='ltr'><strong>liti-</strong></span> 
     </span>
     <span class='ocr_line' id='line_1_42' title="bbox 1370 3371 2400 3444; baseline -0.004 -18"><span class='ocrx_word' id='word_1_259' title='bbox 1370 3385 1577 3444; x_wconf 78' lang='lat' dir='ltr'><strong>gantes.</strong></span> <span class='ocrx_word' id='word_1_260' title='bbox 1606 3373 1737 3424; x_wconf 82' lang='lat' dir='ltr'><strong>Erat</strong></span> <span class='ocrx_word' id='word_1_261' title='bbox 1756 3371 1901 3424; x_wconf 85' lang='lat' dir='ltr'><strong>enim</strong></span> <span class='ocrx_word' id='word_1_262' title='bbox 1935 3383 2280 3423; x_wconf 75' lang='lat' dir='ltr'><strong>sacramentum</strong></span> <span class='ocrx_word' id='word_1_263' title='bbox 2303 3392 2400 3444; x_wconf 81' lang='lat' dir='ltr'><strong>pe-</strong></span> 
     </span>
     <span class='ocr_line' id='line_1_43' title="bbox 1369 3448 2397 3523; baseline 0.001 -18"><span class='ocrx_word' id='word_1_264' title='bbox 1369 3451 1528 3505; x_wconf 81' lang='lat' dir='ltr'><strong>cunia</strong></span> <span class='ocrx_word' id='word_1_265' title='bbox 1553 3449 1697 3523; x_wconf 78' lang='lat' dir='ltr'><strong>apud</strong></span> <span class='ocrx_word' id='word_1_266' title='bbox 1723 3451 2033 3522; x_wconf 78' lang='lat' dir='ltr'><strong>pontificem</strong></span> <span class='ocrx_word' id='word_1_267' title='bbox 2064 3448 2307 3520; x_wconf 75' lang='lat' dir='ltr'><strong>deposita</strong></span> <span class='ocrx_word' id='word_1_268' title='bbox 2328 3454 2397 3506; x_wconf 83' lang='lat' dir='ltr'><strong>ab</strong></span> 
     </span>
     <span class='ocr_line' id='line_1_44' title="bbox 1369 3529 2400 3603; baseline 0 -19"><span class='ocrx_word' id='word_1_269' title='bbox 1369 3532 1478 3584; x_wconf 73' lang='lat' dir='ltr'><strong>iltis</strong></span> <span class='ocrx_word' id='word_1_270' title='bbox 1495 3570 1513 3597; x_wconf 85' lang='lat'><strong>,</strong></span> <span class='ocrx_word' id='word_1_271' title='bbox 1558 3530 1653 3603; x_wconf 84' lang='lat' dir='ltr'><strong>qni</strong></span> <span class='ocrx_word' id='word_1_272' title='bbox 1678 3529 1749 3583; x_wconf 85' lang='lat' dir='ltr'><strong>de</strong></span> <span class='ocrx_word' id='word_1_273' title='bbox 1776 3530 1952 3601; x_wconf 83' lang='lat' dir='ltr'><strong>aliqua</strong></span> <span class='ocrx_word' id='word_1_274' title='bbox 1978 3549 2037 3582; x_wconf 88' lang='lat' dir='ltr'><strong>re</strong></span> <span class='ocrx_word' id='word_1_275' title='bbox 2071 3529 2223 3600; x_wconf 75' lang='lat' dir='ltr'><strong>apud</strong></span> <span class='ocrx_word' id='word_1_276' title='bbox 2250 3530 2400 3601; x_wconf 83' lang='lat' dir='ltr'><strong>judi·-</strong></span> 
     </span>
     <span class='ocr_line' id='line_1_45' title="bbox 1371 3607 2400 3680; baseline -0.002 -16"><span class='ocrx_word' id='word_1_277' title='bbox 1371 3629 1486 3664; x_wconf 86' lang='lat' dir='ltr'><strong>cem</strong></span> <span class='ocrx_word' id='word_1_278' title='bbox 1532 3607 1966 3663; x_wconf 79' lang='lat' dir='ltr'><strong>contendebant:</strong></span> <span class='ocrx_word' id='word_1_279' title='bbox 1998 3608 2171 3661; x_wconf 77' lang='lat' dir='ltr'><strong>victus</strong></span> <span class='ocrx_word' id='word_1_280' title='bbox 2204 3609 2400 3680; x_wconf 86' lang='lat' dir='ltr'><strong>perde-</strong></span> 
     </span>
     <span class='ocr_line' id='line_1_46' title="bbox 1371 3688 2397 3760; baseline -0.001 -17"><span class='ocrx_word' id='word_1_281' title='bbox 1371 3691 1468 3743; x_wconf 81' lang='lat' dir='ltr'><strong>bat</strong></span> <span class='ocrx_word' id='word_1_282' title='bbox 1482 3709 1629 3743; x_wconf 77' lang='lat' dir='ltr'><strong>suam</strong></span> <span class='ocrx_word' id='word_1_283' title='bbox 1649 3729 1664 3753; x_wconf 92' lang='lat'><strong>,</strong></span> <span class='ocrx_word' id='word_1_284' title='bbox 1686 3690 1857 3742; x_wconf 80' lang='lat' dir='ltr'><strong>victor</strong></span> <span class='ocrx_word' id='word_1_285' title='bbox 1880 3688 2191 3760; x_wconf 79' lang='lat' dir='ltr'><strong>accipiebat.</strong></span> <span class='ocrx_word' id='word_1_286' title='bbox 2213 3690 2397 3754; x_wconf 86' lang='lat' dir='ltr'><strong>Quum</strong></span> 
     </span>
     <span class='ocr_line' id='line_1_47' title="bbox 1371 3772 2397 3840; baseline -0.001 -17"><span class='ocrx_word' id='word_1_287' title='bbox 1371 3783 1550 3824; x_wconf 85' lang='lat' dir='ltr'><strong>autem</strong></span> <span class='ocrx_word' id='word_1_288' title='bbox 1570 3772 1773 3840; x_wconf 83' lang='lat' dir='ltr'><strong>juraret</strong></span> <span class='ocrx_word' id='word_1_289' title='bbox 1798 3779 2023 3840; x_wconf 80' lang='lat' dir='ltr'><strong>uterque</strong></span> <span class='ocrx_word' id='word_1_290' title='bbox 2046 3779 2196 3820; x_wconf 84' lang='lat' dir='ltr'><strong>actor</strong></span> <span class='ocrx_word' id='word_1_291' title='bbox 2211 3787 2269 3821; x_wconf 81' lang='lat' dir='ltr'><strong>se</strong></span> <span class='ocrx_word' id='word_1_292' title='bbox 2287 3789 2397 3822; x_wconf 84' lang='lat' dir='ltr'><strong>non</strong></span> 
     </span>
     <span class='ocr_line' id='line_1_48' title="bbox 1374 3847 2400 3918; baseline 0.002 -17"><span class='ocrx_word' id='word_1_293' title='bbox 1374 3848 1689 3902; x_wconf 75' lang='lat' dir='ltr'><strong>calumniari</strong></span> <span class='ocrx_word' id='word_1_294' title='bbox 1714 3887 1730 3911; x_wconf 88' lang='lat'><em>‚</em></span> <span class='ocrx_word' id='word_1_295' title='bbox 1762 3847 1872 3913; x_wconf 68' lang='lat' dir='ltr'><strong>ille,</strong></span> <span class='ocrx_word' id='word_1_296' title='bbox 1898 3867 1929 3900; x_wconf 85' lang='lat' dir='ltr'><strong>a</strong></span> <span class='ocrx_word' id='word_1_297' title='bbox 1959 3865 2068 3918; x_wconf 87' lang='lat' dir='ltr'><strong>quo</strong></span> <span class='ocrx_word' id='word_1_298' title='bbox 2099 3847 2400 3916; x_wconf 81' lang='lat' dir='ltr'><strong>petebatur,</strong></span> 
     </span>
     <span class='ocr_line' id='line_1_49' title="bbox 1374 3927 2399 3995; baseline -0.001 -14"><span class='ocrx_word' id='word_1_299' title='bbox 1374 3947 1430 3981; x_wconf 72' lang='lat' dir='ltr'><strong>se</strong></span> <span class='ocrx_word' id='word_1_300' title='bbox 1473 3947 1588 3980; x_wconf 85' lang='lat' dir='ltr'><strong>non</strong></span> <span class='ocrx_word' id='word_1_301' title='bbox 1624 3927 1855 3980; x_wconf 70' lang='lat' dir='ltr'><strong>inficiari</strong></span> <span class='ocrx_word' id='word_1_302' title='bbox 1890 3927 2173 3980; x_wconf 64' lang='lat' dir='ltr'><strong>calumnia</strong></span> <span class='ocrx_word' id='word_1_303' title='bbox 2210 3946 2399 3995; x_wconf 67' lang='lat' dir='ltr'><strong>causag</strong></span> 
     </span>
     <span class='ocr_line' id='line_1_50' title="bbox 1375 4005 2401 4076; baseline 0.001 -16"><span class='ocrx_word' id='word_1_304' title='bbox 1375 4006 1563 4060; x_wconf 81' lang='lat' dir='ltr'><strong>contra</strong></span> <span class='ocrx_word' id='word_1_305' title='bbox 1610 4024 1768 4076; x_wconf 84' lang='lat' dir='ltr'><strong>quem</strong></span> <span class='ocrx_word' id='word_1_306' title='bbox 1804 4005 2269 4076; x_wconf 80' lang='lat' dir='ltr'><strong>pronuntiabatur,</strong></span> <span class='ocrx_word' id='word_1_307' title='bbox 2304 4009 2401 4060; x_wconf 77' lang='lat' dir='ltr'><strong>etsi</strong></span> 
     </span>
     <span class='ocr_line' id='line_1_51' title="bbox 1378 4085 2401 4148; baseline 0.001 -9"><span class='ocrx_word' id='word_1_308' title='bbox 1378 4106 1488 4139; x_wconf 88' lang='lat' dir='ltr'><strong>non</strong></span> <span class='ocrx_word' id='word_1_309' title='bbox 1522 4085 1865 4138; x_wconf 77' lang='lat' dir='ltr'><strong>damnaretur</strong></span> <span class='ocrx_word' id='word_1_310' title='bbox 1900 4085 2206 4148; x_wconf 65' lang='lat' dir='ltr'><strong>calumnia,</strong></span> <span class='ocrx_word' id='word_1_311' title='bbox 2251 4099 2305 4138; x_wconf 88' lang='lat' dir='ltr'><strong>et</strong></span> <span class='ocrx_word' id='word_1_312' title='bbox 2336 4107 2401 4140; x_wconf 86' lang='lat' dir='ltr'><strong>ex</strong></span> 
     </span>
     <span class='ocr_line' id='line_1_52' title="bbox 1378 4163 2403 4236; baseline 0.002 -18"><span class='ocrx_word' id='word_1_313' title='bbox 1378 4165 1544 4219; x_wconf 81' lang='lat' dir='ltr'><strong>animi</strong></span> <span class='ocrx_word' id='word_1_314' title='bbox 1571 4165 1655 4217; x_wconf 78' lang='lat' dir='ltr'><strong>sui</strong></span> <span class='ocrx_word' id='word_1_315' title='bbox 1678 4163 1938 4217; x_wconf 79' lang='lat' dir='ltr'><strong>sententia</strong></span> <span class='ocrx_word' id='word_1_316' title='bbox 1965 4165 2204 4236; x_wconf 84' lang='lat' dir='ltr'><strong>jurasset,</strong></span> <span class='ocrx_word' id='word_1_317' title='bbox 2226 4177 2403 4220; x_wconf 83' lang='lat' dir='ltr'><strong>tamen</strong></span> 
     </span>
     <span class='ocr_line' id='line_1_53' title="bbox 1378 4241 2406 4316; baseline 0 -17"><span class='ocrx_word' id='word_1_318' title='bbox 1378 4244 1494 4316; x_wconf 83' lang='lat' dir='ltr'><strong>ipse</strong></span> <span class='ocrx_word' id='word_1_319' title='bbox 1521 4256 1742 4298; x_wconf 77' lang='lat' dir='ltr'><strong>eventus</strong></span> <span class='ocrx_word' id='word_1_320' title='bbox 1757 4241 2161 4316; x_wconf 85' lang='lat' dir='ltr'><strong>quodammodo</strong></span> <span class='ocrx_word' id='word_1_321' title='bbox 2181 4245 2406 4302; x_wconf 78' lang='lat' dir='ltr'><strong>faciebat</strong></span> 
     </span>
     <span class='ocr_line' id='line_1_54' title="bbox 1377 4319 2401 4399; baseline -0.002 -19"><span class='ocrx_word' id='word_1_322' title='bbox 1377 4328 1657 4399; x_wconf 78' lang='lat' dir='ltr'><strong>perjurum</strong></span> <span class='ocrx_word' id='word_1_323' title='bbox 1681 4346 1695 4377; x_wconf 77' lang='grc' dir='ltr'><strong>ε</strong></span> <span class='ocrx_word' id='word_1_324' title='bbox 1734 4336 1790 4380; x_wconf 85' lang='lat' dir='ltr'><strong>et</strong></span> <span class='ocrx_word' id='word_1_325' title='bbox 1818 4325 1979 4396; x_wconf 74' lang='lat' dir='ltr'><strong>hujus</strong></span> <span class='ocrx_word' id='word_1_326' title='bbox 2008 4324 2235 4378; x_wconf 76' lang='lat' dir='ltr'><strong>levitatis</strong></span> <span class='ocrx_word' id='word_1_327' title='bbox 2262 4319 2401 4378; x_wconf 72' lang='lat' dir='ltr'><strong>muf-</strong></span> 
     </span>
    </p>
   </div>
  </div>
 </body>
</html>
