<?xml version="1.0" encoding="UTF-8"?>
<!DOCTYPE html PUBLIC "-//W3C//DTD XHTML 1.0 Transitional//EN"
    "http://www.w3.org/TR/xhtml1/DTD/xhtml1-transitional.dtd">
<html xmlns="http://www.w3.org/1999/xhtml" xml:lang="en" lang="en">
 <head>
  <title>
</title>
<meta http-equiv="Content-Type" content="text/html;charset=utf-8" />
  <meta name='ocr-system' content='tesseract 3.04.00' />
  <meta name='ocr-capabilities' content='ocr_page ocr_carea ocr_par ocr_line ocrx_word'/>
</head>
<body>
  <div class='ocr_page' id='page_1' title='image "./macciiplauticom00naudgoog_0259.png"; bbox 0 0 3067 5017; ppageno 0'>
   <div class='ocr_carea' id='block_1_1' title="bbox 888 425 1447 516">
    <p class='ocr_par' dir='ltr' id='par_1_1' title="bbox 888 425 1447 516">
     <span class='ocr_line' id='line_1_1' title="bbox 888 425 1447 516; baseline 0.005 -22"><span class='ocrx_word' id='word_1_1' title='bbox 888 425 1235 496; x_wconf 75' lang='lat' dir='ltr'>Aeros</span> <span class='ocrx_word' id='word_1_2' title='bbox 1288 429 1447 516; x_wconf 88' lang='lat'>111,</span> 
     </span>
    </p>
   </div>
   <div class='ocr_carea' id='block_1_2' title="bbox 1499 429 2536 526">
    <p class='ocr_par' dir='ltr' id='par_1_2' title="bbox 1499 429 2536 526">
     <span class='ocr_line' id='line_1_2' title="bbox 1499 429 2536 526; baseline 0 -26"><span class='ocrx_word' id='word_1_3' title='bbox 1499 429 1838 500; x_wconf 80' lang='lat' dir='ltr'>scENA</span> <span class='ocrx_word' id='word_1_4' title='bbox 1884 431 2014 499; x_wconf 78' lang='lat' dir='ltr'>lv.</span> <span class='ocrx_word' id='word_1_5' title='bbox 2393 431 2536 526; x_wconf 74' lang='lat'>249</span> 
     </span>
    </p>
   </div>
   <div class='ocr_carea' id='block_1_3' title="bbox 888 651 2020 798">
    <p class='ocr_par' dir='ltr' id='par_1_3' title="bbox 888 651 2020 798">
     <span class='ocr_line' id='line_1_3' title="bbox 888 651 2020 798; baseline 0.004 -58"><span class='ocrx_word' id='word_1_6' title='bbox 888 651 1344 798; x_wconf 77' lang='lat' dir='ltr'><strong>SCENA</strong></span> <span class='ocrx_word' id='word_1_7' title='bbox 1428 657 2020 772; x_wconf 81' lang='lat' dir='ltr'>QUARTA.</span> 
     </span>
    </p>
   </div>
   <div class='ocr_carea' id='block_1_4' title="bbox 463 889 2460 1073">
    <p class='ocr_par' dir='ltr' id='par_1_4' title="bbox 463 889 2460 1073">
     <span class='ocr_line' id='line_1_4' title="bbox 463 889 2460 982; baseline 0.004 -26"><span class='ocrx_word' id='word_1_8' title='bbox 463 889 972 971; x_wconf 85' lang='lat' dir='ltr'><strong>DAEMONES‚</strong></span> <span class='ocrx_word' id='word_1_9' title='bbox 1024 891 1428 973; x_wconf 82' lang='lat' dir='ltr'>LABRAX,</span> <span class='ocrx_word' id='word_1_10' title='bbox 1480 893 1986 980; x_wconf 83' lang='lat' dir='ltr'>MULIERES,</span> <span class='ocrx_word' id='word_1_11' title='bbox 2037 897 2460 982; x_wconf 87' lang='lat' dir='ltr'>LORARII,</span> 
     </span>
     <span class='ocr_line' id='line_1_5' title="bbox 1125 1001 1730 1073; baseline 0.007 -5"><span class='ocrx_word' id='word_1_12' title='bbox 1125 1045 1133 1054; x_wconf 90' lang='lat'>-</span> <span class='ocrx_word' id='word_1_13' title='bbox 1186 1001 1730 1073; x_wconf 85' lang='lat' dir='ltr'>TRACHALIO.</span> 
     </span>
    </p>
   </div>
   <div class='ocr_carea' id='block_1_5' title="bbox 384 1191 2531 1289">
    <p class='ocr_par' dir='ltr' id='par_1_5' title="bbox 384 1191 2531 1289">
     <span class='ocr_line' id='line_1_6' title="bbox 384 1191 2531 1289; baseline 0.004 -31"><span class='ocrx_word' id='word_1_14' title='bbox 384 1213 579 1259; x_wconf 80' lang='lat' dir='ltr'>DAEM.</span> <span class='ocrx_word' id='word_1_15' title='bbox 614 1192 740 1259; x_wconf 88' lang='lat' dir='ltr'>Exi</span> <span class='ocrx_word' id='word_1_16' title='bbox 776 1217 812 1260; x_wconf 93' lang='lat' dir='ltr'>e</span> <span class='ocrx_word' id='word_1_17' title='bbox 843 1191 1037 1276; x_wconf 85' lang='lat' dir='ltr'>fano,</span> <span class='ocrx_word' id='word_1_18' title='bbox 1079 1207 1359 1286; x_wconf 86' lang='lat' dir='ltr'>gnatum</span> <span class='ocrx_word' id='word_1_19' title='bbox 1394 1211 1728 1289; x_wconf 85' lang='lat' dir='ltr'>quantum</span> <span class='ocrx_word' id='word_1_20' title='bbox 1743 1195 1823 1266; x_wconf 89' lang='lat' dir='ltr'>&#39;st</span> <span class='ocrx_word' id='word_1_21' title='bbox 1867 1197 2220 1266; x_wconf 90' lang='lat' dir='ltr'>hominum</span> <span class='ocrx_word' id='word_1_22' title='bbox 2261 1196 2531 1267; x_wconf 85' lang='lat' dir='ltr'>sacrile-</span> 
     </span>
    </p>
   </div>
   <div class='ocr_carea' id='block_1_6' title="bbox 384 1302 1380 1614">
    <p class='ocr_par' dir='ltr' id='par_1_6' title="bbox 384 1302 1380 1614">
     <span class='ocr_line' id='line_1_7' title="bbox 680 1302 1101 1396; baseline 0.01 -27"><span class='ocrx_word' id='word_1_23' title='bbox 680 1302 989 1396; x_wconf 86' lang='lat' dir='ltr'>gissume.</span> <span class='ocrx_word' id='word_1_24' title='bbox 1094 1330 1101 1339; x_wconf 77' lang='grc'><strong>’</strong></span> 
     </span>
     <span class='ocr_line' id='line_1_8' title="bbox 384 1409 1380 1482; baseline 0.003 -3"><span class='ocrx_word' id='word_1_25' title='bbox 384 1411 525 1479; x_wconf 86' lang='lat' dir='ltr'>Vos</span> <span class='ocrx_word' id='word_1_26' title='bbox 568 1409 638 1477; x_wconf 91' lang='lat' dir='ltr'>in</span> <span class='ocrx_word' id='word_1_27' title='bbox 679 1433 865 1478; x_wconf 82' lang='lat' dir='ltr'>aram</span> <span class='ocrx_word' id='word_1_28' title='bbox 905 1411 1085 1480; x_wconf 84' lang='lat' dir='ltr'>abite</span> <span class='ocrx_word' id='word_1_29' title='bbox 1126 1438 1380 1482; x_wconf 85' lang='lat' dir='ltr'>sessum</span> 
     </span>
     <span class='ocr_line' id='line_1_9' title="bbox 676 1521 954 1614; baseline 0.018 -27"><span class='ocrx_word' id='word_1_30' title='bbox 676 1521 954 1614; x_wconf 80' lang='lat' dir='ltr'>respice.</span> 
     </span>
    </p>
   </div>
   <div class='ocr_carea' id='block_1_7' title="bbox 1432 1415 2536 1488">
    <p class='ocr_par' dir='ltr' id='par_1_7' title="bbox 1432 1415 2536 1488">
     <span class='ocr_line' id='line_1_10' title="bbox 1432 1415 2536 1488; baseline 0.004 -6"><span class='ocrx_word' id='word_1_31' title='bbox 1432 1440 1447 1482; x_wconf 73' lang='grc' dir='ltr'><em>ε</em></span> <span class='ocrx_word' id='word_1_32' title='bbox 1501 1415 1618 1484; x_wconf 88' lang='lat' dir='ltr'>sed</span> <span class='ocrx_word' id='word_1_33' title='bbox 1654 1417 1774 1484; x_wconf 93' lang='lat' dir='ltr'>ubi</span> <span class='ocrx_word' id='word_1_34' title='bbox 1813 1416 2020 1486; x_wconf 81' lang='lat' dir='ltr'>sunt?</span> <span class='ocrx_word' id='word_1_35' title='bbox 2063 1442 2329 1488; x_wconf 69' lang='lat' dir='ltr'>TnAcH.</span> <span class='ocrx_word' id='word_1_36' title='bbox 2381 1423 2536 1488; x_wconf 91' lang='lat' dir='ltr'>Huc</span> 
     </span>
    </p>
   </div>
   <div class='ocr_carea' id='block_1_8' title="bbox 383 1632 2536 1730">
    <p class='ocr_par' dir='ltr' id='par_1_8' title="bbox 383 1632 2536 1730">
     <span class='ocr_line' id='line_1_11' title="bbox 383 1632 2536 1730; baseline 0.005 -34"><span class='ocrx_word' id='word_1_37' title='bbox 383 1649 579 1697; x_wconf 77' lang='lat' dir='ltr'>DAEM.</span> <span class='ocrx_word' id='word_1_38' title='bbox 620 1632 942 1723; x_wconf 89' lang='lat' dir='ltr'>Optume.</span> <span class='ocrx_word' id='word_1_39' title='bbox 982 1656 1137 1702; x_wconf 77' lang='lat' dir='ltr'>Lon.</span> <span class='ocrx_word' id='word_1_40' title='bbox 1174 1634 1355 1702; x_wconf 85' lang='lat' dir='ltr'>Istuc</span> <span class='ocrx_word' id='word_1_41' title='bbox 1391 1632 1864 1705; x_wconf 85' lang='lat' dir='ltr'>volueramus:</span> <span class='ocrx_word' id='word_1_42' title='bbox 1905 1636 2072 1728; x_wconf 87' lang='lat' dir='ltr'>jube</span> <span class='ocrx_word' id='word_1_43' title='bbox 2103 1637 2306 1730; x_wconf 76' lang='lat' dir='ltr'>modo</span> <span class='ocrx_word' id='word_1_44' title='bbox 2345 1637 2536 1706; x_wconf 86' lang='lat' dir='ltr'>adce-</span> 
     </span>
    </p>
   </div>
   <div class='ocr_carea' id='block_1_9' title="bbox 677 1738 1066 1835">
    <p class='ocr_par' dir='ltr' id='par_1_9' title="bbox 677 1738 1066 1835">
     <span class='ocr_line' id='line_1_12' title="bbox 677 1738 1066 1835; baseline 0.008 -28"><span class='ocrx_word' id='word_1_45' title='bbox 677 1738 791 1808; x_wconf 87' lang='lat' dir='ltr'>dat</span> <span class='ocrx_word' id='word_1_46' title='bbox 834 1766 1066 1835; x_wconf 85' lang='lat' dir='ltr'>prope.</span> 
     </span>
    </p>
   </div>
   <div class='ocr_carea' id='block_1_10' title="bbox 384 1850 2541 2063">
    <p class='ocr_par' dir='ltr' id='par_1_10' title="bbox 384 1850 2541 2063">
     <span class='ocr_line' id='line_1_13' title="bbox 384 1850 2540 1952; baseline 0.004 -35"><span class='ocrx_word' id='word_1_47' title='bbox 384 1853 783 1920; x_wconf 78' lang='lat' dir='ltr'>DAEM.Tune</span> <span class='ocrx_word' id='word_1_48' title='bbox 796 1850 1285 1946; x_wconf 66' lang='lat' dir='ltr'>legirupionem</span> <span class='ocrx_word' id='word_1_49' title='bbox 1301 1853 1450 1923; x_wconf 86' lang='lat' dir='ltr'>heic</span> <span class='ocrx_word' id='word_1_50' title='bbox 1466 1855 1662 1924; x_wconf 86' lang='lat' dir='ltr'>nobis</span> <span class='ocrx_word' id='word_1_51' title='bbox 1677 1882 1831 1927; x_wconf 89' lang='lat' dir='ltr'>cum</span> <span class='ocrx_word' id='word_1_52' title='bbox 1848 1858 1950 1926; x_wconf 89' lang='lat' dir='ltr'>dis</span> <span class='ocrx_word' id='word_1_53' title='bbox 1971 1858 2186 1928; x_wconf 82' lang='lat' dir='ltr'>facere</span> <span class='ocrx_word' id='word_1_54' title='bbox 2209 1857 2540 1952; x_wconf 79' lang='lat' dir='ltr'>postulas?</span> 
     </span>
     <span class='ocr_line' id='line_1_14' title="bbox 385 1961 2541 2063; baseline 0.004 -36"><span class='ocrx_word' id='word_1_55' title='bbox 385 1961 697 2054; x_wconf 87' lang='lat' dir='ltr'>Pugnum</span> <span class='ocrx_word' id='word_1_56' title='bbox 729 1961 799 2028; x_wconf 90' lang='lat' dir='ltr'>in</span> <span class='ocrx_word' id='word_1_57' title='bbox 824 1987 898 2030; x_wconf 92' lang='lat' dir='ltr'>os</span> <span class='ocrx_word' id='word_1_58' title='bbox 922 1963 1221 2057; x_wconf 86' lang='lat' dir='ltr'>inpinge.</span> <span class='ocrx_word' id='word_1_59' title='bbox 1250 1988 1457 2034; x_wconf 76' lang='lat' dir='ltr'>LABR.</span> <span class='ocrx_word' id='word_1_60' title='bbox 1494 1965 1742 2062; x_wconf 86' lang='lat' dir='ltr'>Iniqua</span> <span class='ocrx_word' id='word_1_61' title='bbox 1775 1969 1916 2038; x_wconf 84' lang='lat' dir='ltr'>haec</span> <span class='ocrx_word' id='word_1_62' title='bbox 1948 1969 2172 2063; x_wconf 82' lang='lat' dir='ltr'>patior</span> <span class='ocrx_word' id='word_1_63' title='bbox 2201 1994 2357 2037; x_wconf 89' lang='lat' dir='ltr'>cum</span> <span class='ocrx_word' id='word_1_64' title='bbox 2390 1992 2541 2063; x_wconf 90' lang='lat' dir='ltr'>pre·</span> 
     </span>
    </p>
   </div>
   <div class='ocr_carea' id='block_1_11' title="bbox 676 2071 949 2143">
    <p class='ocr_par' dir='ltr' id='par_1_11' title="bbox 676 2071 949 2143">
     <span class='ocr_line' id='line_1_15' title="bbox 676 2071 949 2143; baseline 0.011 -3"><span class='ocrx_word' id='word_1_65' title='bbox 676 2071 771 2140; x_wconf 91' lang='lat' dir='ltr'>tio</span> <span class='ocrx_word' id='word_1_66' title='bbox 810 2085 949 2143; x_wconf 89' lang='lat' dir='ltr'>tuo.</span> 
     </span>
    </p>
   </div>
   <div class='ocr_carea' id='block_1_12' title="bbox 386 2289 1418 2514">
    <p class='ocr_par' dir='ltr' id='par_1_12' title="bbox 386 2289 1418 2514">
     <span class='ocr_line' id='line_1_16' title="bbox 472 2289 1418 2363; baseline 0.005 -22"><span class='ocrx_word' id='word_1_67' title='bbox 472 2307 523 2342; x_wconf 81' lang='lat'>2.</span> <span class='ocrx_word' id='word_1_68' title='bbox 550 2289 655 2342; x_wconf 69' lang='lat' dir='ltr'>Vos</span> <span class='ocrx_word' id='word_1_69' title='bbox 673 2329 687 2351; x_wconf 90' lang='lat'>,</span> <span class='ocrx_word' id='word_1_70' title='bbox 724 2290 940 2362; x_wconf 75' lang='lat' dir='ltr'>puellae.</span> <span class='ocrx_word' id='word_1_71' title='bbox 966 2290 1220 2363; x_wconf 78' lang='lat' dir='ltr'>Plerique</span> <span class='ocrx_word' id='word_1_72' title='bbox 1246 2291 1418 2346; x_wconf 79' lang='lat' dir='ltr'>inter-</span> 
     </span>
     <span class='ocr_line' id='line_1_17' title="bbox 386 2369 1416 2441; baseline 0.005 -21"><span class='ocrx_word' id='word_1_73' title='bbox 386 2381 564 2439; x_wconf 83' lang='lat' dir='ltr'>pretes</span> <span class='ocrx_word' id='word_1_74' title='bbox 588 2369 891 2441; x_wconf 86' lang='lat' dir='ltr'>intelligunt</span> <span class='ocrx_word' id='word_1_75' title='bbox 920 2371 1025 2422; x_wconf 90' lang='lat' dir='ltr'>hoc</span> <span class='ocrx_word' id='word_1_76' title='bbox 1052 2371 1159 2424; x_wconf 87' lang='lat' dir='ltr'>dici</span> <span class='ocrx_word' id='word_1_77' title='bbox 1188 2371 1416 2425; x_wconf 75' lang='lat' dir='ltr'>lor-ariis.</span> 
     </span>
     <span class='ocr_line' id='line_1_18' title="bbox 388 2446 1418 2514; baseline 0.003 -13"><span class='ocrx_word' id='word_1_78' title='bbox 388 2446 496 2501; x_wconf 90' lang='lat' dir='ltr'>Sed</span> <span class='ocrx_word' id='word_1_79' title='bbox 543 2449 601 2500; x_wconf 85' lang='lat' dir='ltr'>in</span> <span class='ocrx_word' id='word_1_80' title='bbox 640 2467 731 2502; x_wconf 81' lang='lat' dir='ltr'>ara</span> <span class='ocrx_word' id='word_1_81' title='bbox 773 2447 993 2514; x_wconf 79' lang='lat' dir='ltr'>sedere,</span> <span class='ocrx_word' id='word_1_82' title='bbox 1032 2468 1229 2502; x_wconf 76' lang='lat' dir='ltr'>sessum</span> <span class='ocrx_word' id='word_1_83' title='bbox 1270 2450 1418 2504; x_wconf 83' lang='lat' dir='ltr'>abire</span> 
     </span>
    </p>
   </div>
   <div class='ocr_carea' id='block_1_13' title="bbox 389 2521 1461 2602">
    <p class='ocr_par' dir='ltr' id='par_1_13' title="bbox 389 2521 1461 2602">
     <span class='ocr_line' id='line_1_19' title="bbox 389 2521 1461 2602; baseline 0.002 -22"><span class='ocrx_word' id='word_1_84' title='bbox 389 2528 660 2598; x_wconf 80' lang='lat' dir='ltr'>supplices</span> <span class='ocrx_word' id='word_1_85' title='bbox 685 2546 781 2597; x_wconf 85' lang='lat' dir='ltr'>par</span> <span class='ocrx_word' id='word_1_86' title='bbox 802 2541 911 2592; x_wconf 85' lang='lat' dir='ltr'>est,</span> <span class='ocrx_word' id='word_1_87' title='bbox 937 2548 1048 2582; x_wconf 86' lang='lat' dir='ltr'>non</span> <span class='ocrx_word' id='word_1_88' title='bbox 1074 2549 1167 2582; x_wconf 89' lang='lat' dir='ltr'>eos</span> <span class='ocrx_word' id='word_1_89' title='bbox 1188 2530 1283 2602; x_wconf 89' lang='lat' dir='ltr'>qui</span> <span class='ocrx_word' id='word_1_90' title='bbox 1306 2530 1417 2582; x_wconf 85' lang='lat' dir='ltr'>vim</span> <span class='ocrx_word' id='word_1_91' title='bbox 1453 2521 1461 2532; x_wconf 59' lang='lat'><em>⁶</em></span> 
     </span>
    </p>
   </div>
   <div class='ocr_carea' id='block_1_14' title="bbox 319 2608 1425 4276">
    <p class='ocr_par' dir='ltr' id='par_1_14' title="bbox 319 2608 1425 4276">
     <span class='ocr_line' id='line_1_20' title="bbox 388 2608 817 2660; baseline 0.005 -3"><span class='ocrx_word' id='word_1_92' title='bbox 388 2608 443 2659; x_wconf 83' lang='lat' dir='ltr'>vi</span> <span class='ocrx_word' id='word_1_93' title='bbox 470 2608 817 2660; x_wconf 84' lang='lat' dir='ltr'>abarcebunt.</span> 
     </span>
     <span class='ocr_line' id='line_1_21' title="bbox 471 2687 1419 2761; baseline 0.004 -22"><span class='ocrx_word' id='word_1_94' title='bbox 471 2687 527 2739; x_wconf 84' lang='lat'>3.</span> <span class='ocrx_word' id='word_1_95' title='bbox 555 2689 688 2740; x_wconf 85' lang='lat' dir='ltr'>Istuc</span> <span class='ocrx_word' id='word_1_96' title='bbox 718 2689 1041 2744; x_wconf 67' lang='lat' dir='ltr'>volueramus.</span> <span class='ocrx_word' id='word_1_97' title='bbox 1068 2689 1299 2742; x_wconf 85' lang='lat' dir='ltr'>Locutio</span> <span class='ocrx_word' id='word_1_98' title='bbox 1326 2709 1419 2761; x_wconf 79' lang='lat' dir='ltr'>pa-</span> 
     </span>
     <span class='ocr_line' id='line_1_22' title="bbox 390 2767 1395 2838; baseline 0.004 -20"><span class='ocrx_word' id='word_1_99' title='bbox 390 2778 628 2819; x_wconf 81' lang='lat' dir='ltr'>ratorum</span> <span class='ocrx_word' id='word_1_100' title='bbox 664 2767 905 2838; x_wconf 86' lang='lat' dir='ltr'>obsequi.</span> <span class='ocrx_word' id='word_1_101' title='bbox 1022 2825 1027 2828; x_wconf 64' lang='grc'><strong>,</strong></span> <span class='ocrx_word' id='word_1_102' title='bbox 1390 2826 1395 2836; x_wconf 59' lang='lat'>‚</span> 
     </span>
     <span class='ocr_line' id='line_1_23' title="bbox 472 2848 1416 2918; baseline 0.002 -18"><span class='ocrx_word' id='word_1_103' title='bbox 472 2853 525 2909; x_wconf 76' lang='grc'>4.</span> <span class='ocrx_word' id='word_1_104' title='bbox 554 2848 604 2898; x_wconf 93' lang='lat' dir='ltr'><em>T</em></span> <span class='ocrx_word' id='word_1_105' title='bbox 602 2849 687 2898; x_wconf 69' lang='grc' dir='ltr'>κη’</span> <span class='ocrx_word' id='word_1_106' title='bbox 703 2848 1062 2917; x_wconf 76' lang='lat' dir='ltr'>legirupionem.</span> <span class='ocrx_word' id='word_1_107' title='bbox 1081 2849 1161 2901; x_wconf 86' lang='lat' dir='ltr'>Ita</span> <span class='ocrx_word' id='word_1_108' title='bbox 1180 2848 1416 2918; x_wconf 80' lang='lat' dir='ltr'>retinen-</span> 
     </span>
     <span class='ocr_line' id='line_1_24' title="bbox 388 2924 1418 2992; baseline 0.004 -15"><span class='ocrx_word' id='word_1_109' title='bbox 388 2924 547 2992; x_wconf 87' lang='lat' dir='ltr'>dum,</span> <span class='ocrx_word' id='word_1_110' title='bbox 570 2940 753 2980; x_wconf 88' lang='lat' dir='ltr'>contra</span> <span class='ocrx_word' id='word_1_111' title='bbox 782 2927 1096 2981; x_wconf 84' lang='lat' dir='ltr'>Carriouem</span> <span class='ocrx_word' id='word_1_112' title='bbox 1125 2941 1180 2981; x_wconf 90' lang='lat' dir='ltr'>et</span> <span class='ocrx_word' id='word_1_113' title='bbox 1210 2929 1418 2982; x_wconf 87' lang='lat' dir='ltr'>Palme-</span> 
     </span>
     <span class='ocr_line' id='line_1_25' title="bbox 319 3006 1417 3080; baseline 0.003 -23"><span class='ocrx_word' id='word_1_114' title='bbox 319 3075 324 3079; x_wconf 87' lang='lat'>.</span> <span class='ocrx_word' id='word_1_115' title='bbox 386 3006 551 3059; x_wconf 85' lang='lat' dir='ltr'>rium.</span> <span class='ocrx_word' id='word_1_116' title='bbox 594 3007 783 3078; x_wconf 86' lang='lat' dir='ltr'>Inepte</span> <span class='ocrx_word' id='word_1_117' title='bbox 818 3020 993 3060; x_wconf 85' lang='lat' dir='ltr'>tamen</span> <span class='ocrx_word' id='word_1_118' title='bbox 1034 3009 1297 3080; x_wconf 85' lang='lat' dir='ltr'>interpres</span> <span class='ocrx_word' id='word_1_119' title='bbox 1325 3028 1417 3061; x_wconf 88' lang='lat' dir='ltr'>ex-</span> 
     </span>
     <span class='ocr_line' id='line_1_26' title="bbox 387 3086 1416 3158; baseline 0.003 -21"><span class='ocrx_word' id='word_1_120' title='bbox 387 3086 569 3157; x_wconf 85' lang='lat' dir='ltr'>plicat.</span> <span class='ocrx_word' id='word_1_121' title='bbox 605 3087 742 3139; x_wconf 87' lang='lat' dir='ltr'>Nam</span> <span class='ocrx_word' id='word_1_122' title='bbox 771 3087 1037 3158; x_wconf 74' lang='lat' dir='ltr'>Legit-apio</span> <span class='ocrx_word' id='word_1_123' title='bbox 1078 3101 1155 3140; x_wconf 76' lang='lat' dir='ltr'>est</span> <span class='ocrx_word' id='word_1_124' title='bbox 1197 3107 1416 3140; x_wconf 88' lang='lat' dir='ltr'>nomen.</span> 
     </span>
     <span class='ocr_line' id='line_1_27' title="bbox 388 3165 1417 3234; baseline 0.004 -18"><span class='ocrx_word' id='word_1_125' title='bbox 388 3198 469 3208; x_wconf 89' lang='lat'>—</span> <span class='ocrx_word' id='word_1_126' title='bbox 486 3165 583 3217; x_wconf 80' lang='lat' dir='ltr'>Dis</span> <span class='ocrx_word' id='word_1_127' title='bbox 592 3167 791 3234; x_wconf 79' lang='lat' dir='ltr'>facere,</span> <span class='ocrx_word' id='word_1_128' title='bbox 812 3181 891 3220; x_wconf 84' lang='lat' dir='ltr'>est</span> <span class='ocrx_word' id='word_1_129' title='bbox 912 3167 1226 3220; x_wconf 81' lang='lat' dir='ltr'>sacrificare.</span> <span class='ocrx_word' id='word_1_130' title='bbox 1244 3167 1417 3232; x_wconf 88' lang='lat' dir='ltr'>Tunc,</span> 
     </span>
     <span class='ocr_line' id='line_1_28' title="bbox 388 3244 1418 3316; baseline 0.004 -20"><span class='ocrx_word' id='word_1_131' title='bbox 388 3244 594 3314; x_wconf 83' lang='lat' dir='ltr'>inquit,</span> <span class='ocrx_word' id='word_1_132' title='bbox 622 3259 776 3316; x_wconf 82' lang='lat' dir='ltr'>putas</span> <span class='ocrx_word' id='word_1_133' title='bbox 825 3246 987 3300; x_wconf 88' lang='lat' dir='ltr'>licere</span> <span class='ocrx_word' id='word_1_134' title='bbox 1034 3247 1132 3300; x_wconf 87' lang='lat' dir='ltr'>tibi</span> <span class='ocrx_word' id='word_1_135' title='bbox 1150 3286 1165 3309; x_wconf 80' lang='lat'>,</span> <span class='ocrx_word' id='word_1_136' title='bbox 1206 3259 1267 3299; x_wconf 86' lang='lat' dir='ltr'>ut</span> <span class='ocrx_word' id='word_1_137' title='bbox 1312 3267 1418 3300; x_wconf 84' lang='lat' dir='ltr'>una</span> 
     </span>
     <span class='ocr_line' id='line_1_29' title="bbox 336 3326 1417 3380; baseline 0.004 -4"><span class='ocrx_word' id='word_1_138' title='bbox 336 3338 342 3346; x_wconf 97' lang='grc'><strong>’</strong></span> <span class='ocrx_word' id='word_1_139' title='bbox 386 3327 669 3378; x_wconf 84' lang='lat' dir='ltr'>nobiscum</span> <span class='ocrx_word' id='word_1_140' title='bbox 691 3326 792 3379; x_wconf 80' lang='lat' dir='ltr'>diis</span> <span class='ocrx_word' id='word_1_141' title='bbox 813 3326 1108 3380; x_wconf 77' lang='lat' dir='ltr'>sacrifices?</span> <span class='ocrx_word' id='word_1_142' title='bbox 1129 3329 1312 3380; x_wconf 71' lang='lat' dir='ltr'>Gnur.</span> <span class='ocrx_word' id='word_1_143' title='bbox 1347 3360 1417 3371; x_wconf 88' lang='lat'><strong>—</strong></span> 
     </span>
     <span class='ocr_line' id='line_1_30' title="bbox 390 3404 1417 3478; baseline 0.006 -24"><span class='ocrx_word' id='word_1_144' title='bbox 390 3408 461 3456; x_wconf 89' lang='lat' dir='ltr'>At</span> <span class='ocrx_word' id='word_1_145' title='bbox 490 3406 668 3458; x_wconf 85' lang='lat' dir='ltr'>nescio</span> <span class='ocrx_word' id='word_1_146' title='bbox 698 3404 842 3458; x_wconf 87' lang='lat' dir='ltr'>unde</span> <span class='ocrx_word' id='word_1_147' title='bbox 874 3408 1108 3478; x_wconf 89' lang='lat' dir='ltr'>potuerit</span> <span class='ocrx_word' id='word_1_148' title='bbox 1137 3409 1417 3460; x_wconf 82' lang='lat' dir='ltr'>Daemones</span> 
     </span>
     <span class='ocr_line' id='line_1_31' title="bbox 388 3483 1418 3558; baseline 0.007 -25"><span class='ocrx_word' id='word_1_149' title='bbox 388 3483 643 3536; x_wconf 88' lang='lat' dir='ltr'>lenonem</span> <span class='ocrx_word' id='word_1_150' title='bbox 668 3504 927 3556; x_wconf 82' lang='lat' dir='ltr'>arguere,</span> <span class='ocrx_word' id='word_1_151' title='bbox 956 3487 1102 3558; x_wconf 85' lang='lat' dir='ltr'>quod</span> <span class='ocrx_word' id='word_1_152' title='bbox 1140 3488 1231 3540; x_wconf 87' lang='lat' dir='ltr'>ille</span> <span class='ocrx_word' id='word_1_153' title='bbox 1272 3506 1418 3540; x_wconf 87' lang='lat' dir='ltr'>sacra</span> 
     </span>
     <span class='ocr_line' id='line_1_32' title="bbox 390 3559 1425 3625; baseline 0.007 -12"><span class='ocrx_word' id='word_1_154' title='bbox 390 3559 495 3614; x_wconf 78' lang='lat' dir='ltr'>diis</span> <span class='ocrx_word' id='word_1_155' title='bbox 510 3563 707 3625; x_wconf 78' lang='lat' dir='ltr'>facere,</span> <span class='ocrx_word' id='word_1_156' title='bbox 732 3563 1115 3619; x_wconf 77' lang='lat' dir='ltr'>commercium</span> <span class='ocrx_word' id='word_1_157' title='bbox 1128 3568 1329 3620; x_wconf 84' lang='lat' dir='ltr'>habere</span> <span class='ocrx_word' id='word_1_158' title='bbox 1348 3587 1425 3620; x_wconf 85' lang='lat' dir='ltr'>sa-</span> 
     </span>
     <span class='ocr_line' id='line_1_33' title="bbox 392 3641 1424 3714; baseline 0.005 -20"><span class='ocrx_word' id='word_1_159' title='bbox 392 3641 687 3696; x_wconf 82' lang='lat' dir='ltr'>cruficandi</span> <span class='ocrx_word' id='word_1_160' title='bbox 701 3663 821 3697; x_wconf 88' lang='lat' dir='ltr'>cum</span> <span class='ocrx_word' id='word_1_161' title='bbox 840 3646 1234 3714; x_wconf 82' lang='lat' dir='ltr'>Cyrenensibus</span> <span class='ocrx_word' id='word_1_162' title='bbox 1243 3647 1424 3699; x_wconf 88' lang='lat' dir='ltr'>volue-</span> 
     </span>
     <span class='ocr_line' id='line_1_34' title="bbox 391 3721 1421 3797; baseline 0.003 -23"><span class='ocrx_word' id='word_1_163' title='bbox 391 3721 483 3785; x_wconf 83' lang='lat' dir='ltr'>rit,</span> <span class='ocrx_word' id='word_1_164' title='bbox 500 3722 594 3792; x_wconf 88' lang='lat' dir='ltr'>qui</span> <span class='ocrx_word' id='word_1_165' title='bbox 617 3721 875 3777; x_wconf 80' lang='lat' dir='ltr'>sacerdoti</span> <span class='ocrx_word' id='word_1_166' title='bbox 890 3725 1009 3786; x_wconf 21' lang='lat' dir='ltr'>*vim</span> <span class='ocrx_word' id='word_1_167' title='bbox 1035 3727 1272 3778; x_wconf 83' lang='lat' dir='ltr'>attulerit</span> <span class='ocrx_word' id='word_1_168' title='bbox 1293 3745 1421 3797; x_wconf 90' lang='lat' dir='ltr'>pro-</span> 
     </span>
     <span class='ocr_line' id='line_1_35' title="bbox 392 3799 1422 3873; baseline 0.003 -17"><span class='ocrx_word' id='word_1_169' title='bbox 392 3801 686 3873; x_wconf 82' lang='lat' dir='ltr'>fanumque</span> <span class='ocrx_word' id='word_1_170' title='bbox 709 3799 908 3855; x_wconf 76' lang='lat' dir='ltr'>fanum&#39;</span> <span class='ocrx_word' id='word_1_171' title='bbox 924 3804 1131 3858; x_wconf 85' lang='lat' dir='ltr'>fecerit.</span> <span class='ocrx_word' id='word_1_172' title='bbox 1162 3807 1422 3859; x_wconf 85' lang='lat' dir='ltr'>Praeterea</span> 
     </span>
     <span class='ocr_line' id='line_1_36' title="bbox 392 3883 1423 3954; baseline 0.002 -20"><span class='ocrx_word' id='word_1_173' title='bbox 392 3883 630 3954; x_wconf 80' lang='lat' dir='ltr'>syntaxis</span> <span class='ocrx_word' id='word_1_174' title='bbox 681 3883 1023 3954; x_wconf 83' lang='lat' dir='ltr'>grammatica</span> <span class='ocrx_word' id='word_1_175' title='bbox 1074 3904 1185 3938; x_wconf 90' lang='lat' dir='ltr'>non</span> <span class='ocrx_word' id='word_1_176' title='bbox 1240 3885 1423 3936; x_wconf 84' lang='lat' dir='ltr'>minus</span> 
     </span>
     <span class='ocr_line' id='line_1_37' title="bbox 394 3963 1421 4036; baseline 0.001 -22"><span class='ocrx_word' id='word_1_177' title='bbox 394 3980 555 4036; x_wconf 82' lang='lat' dir='ltr'>quam</span> <span class='ocrx_word' id='word_1_178' title='bbox 592 3963 867 4016; x_wconf 83' lang='lat' dir='ltr'>sententiae</span> <span class='ocrx_word' id='word_1_179' title='bbox 912 3964 1046 4016; x_wconf 83' lang='lat' dir='ltr'>ratio</span> <span class='ocrx_word' id='word_1_180' title='bbox 1078 3964 1421 4026; x_wconf 82' lang='lat' dir='ltr'>Gruterianae</span> 
     </span>
     <span class='ocr_line' id='line_1_38' title="bbox 394 4041 1421 4115; baseline 0.003 -22"><span class='ocrx_word' id='word_1_181' title='bbox 394 4041 830 4113; x_wconf 82' lang='lat' dir='ltr'>interpretationi</span> <span class='ocrx_word' id='word_1_182' title='bbox 866 4056 1158 4115; x_wconf 78' lang='lat' dir='ltr'>repugnat,</span> <span class='ocrx_word' id='word_1_183' title='bbox 1200 4043 1303 4095; x_wconf 83' lang='lat' dir='ltr'>nisi</span> <span class='ocrx_word' id='word_1_184' title='bbox 1335 4063 1421 4096; x_wconf 88' lang='lat' dir='ltr'>re-</span> 
     </span>
     <span class='ocr_line' id='line_1_39' title="bbox 398 4121 1424 4189; baseline 0.001 -15"><span class='ocrx_word' id='word_1_185' title='bbox 398 4123 621 4186; x_wconf 78' lang='lat' dir='ltr'>scribas,</span> <span class='ocrx_word' id='word_1_186' title='bbox 644 4135 707 4176; x_wconf 86' lang='lat' dir='ltr'>ut</span> <span class='ocrx_word' id='word_1_187' title='bbox 728 4124 975 4176; x_wconf 86' lang='lat' dir='ltr'>nonnulli</span> <span class='ocrx_word' id='word_1_188' title='bbox 998 4124 1203 4189; x_wconf 88' lang='lat' dir='ltr'>volunt,</span> <span class='ocrx_word' id='word_1_189' title='bbox 1226 4145 1249 4167; x_wconf 69' lang='grc' dir='ltr'><strong><em>κ</em></strong></span> <span class='ocrx_word' id='word_1_190' title='bbox 1264 4121 1424 4189; x_wconf 87' lang='lat' dir='ltr'>Tun’,</span> 
     </span>
     <span class='ocr_line' id='line_1_40' title="bbox 368 4201 1423 4276; baseline 0 -20"><span class='ocrx_word' id='word_1_191' title='bbox 368 4261 371 4269; x_wconf 31' lang='lat'>¹</span> <span class='ocrx_word' id='word_1_192' title='bbox 397 4201 664 4273; x_wconf 84' lang='lat' dir='ltr'>legirupio</span> <span class='ocrx_word' id='word_1_193' title='bbox 681 4229 703 4252; x_wconf 64' lang='grc' dir='ltr'>ι</span> <span class='ocrx_word' id='word_1_194' title='bbox 727 4223 745 4272; x_wconf 86' lang='lat'>;</span> <span class='ocrx_word' id='word_1_195' title='bbox 772 4203 855 4258; x_wconf 84' lang='lat' dir='ltr'>vel</span> <span class='ocrx_word' id='word_1_196' title='bbox 878 4223 999 4258; x_wconf 89' lang='lat' dir='ltr'>cum</span> <span class='ocrx_word' id='word_1_197' title='bbox 1024 4205 1239 4269; x_wconf 87' lang='lat' dir='ltr'>Bothio,</span> <span class='ocrx_word' id='word_1_198' title='bbox 1261 4204 1423 4276; x_wconf 79' lang='lat' dir='ltr'>«jube</span> 
     </span>
    </p>
   </div>
   <div class='ocr_carea' id='block_1_15' title="bbox 1498 2285 2556 4112">
    <p class='ocr_par' dir='ltr' id='par_1_15' title="bbox 1502 2285 2556 2988">
     <span class='ocr_line' id='line_1_41' title="bbox 1505 2285 2556 2360; baseline 0 -18"><span class='ocrx_word' id='word_1_199' title='bbox 1505 2288 1672 2342; x_wconf 86' lang='lat' dir='ltr'>mo&#39;do</span> <span class='ocrx_word' id='word_1_200' title='bbox 1695 2287 1921 2342; x_wconf 81' lang='lat' dir='ltr'>adcedat</span> <span class='ocrx_word' id='word_1_201' title='bbox 1945 2287 2336 2360; x_wconf 84' lang='lat' dir='ltr'>legirupionem</span> <span class='ocrx_word' id='word_1_202' title='bbox 2365 2285 2556 2342; x_wconf 75' lang='lat' dir='ltr'>hunc.&#39;</span> 
     </span>
     <span class='ocr_line' id='line_1_42' title="bbox 1506 2369 2538 2435; baseline 0.001 -15"><span class='ocrx_word' id='word_1_203' title='bbox 1506 2388 1658 2423; x_wconf 71' lang='lat' dir='ltr'>nam.</span> <span class='ocrx_word' id='word_1_204' title='bbox 1686 2371 1842 2421; x_wconf 87' lang='lat' dir='ltr'>Tune</span> <span class='ocrx_word' id='word_1_205' title='bbox 1871 2369 1993 2420; x_wconf 84' lang='lat' dir='ltr'>heic</span> <span class='ocrx_word' id='word_1_206' title='bbox 2023 2369 2206 2435; x_wconf 82' lang='lat' dir='ltr'>nobis,</span> <span class='ocrx_word' id='word_1_207' title='bbox 2239 2381 2342 2422; x_wconf 87' lang='lat' dir='ltr'>etc.</span> <span class='ocrx_word' id='word_1_208' title='bbox 2375 2395 2396 2415; x_wconf 73' lang='grc' dir='ltr'>ι</span> <span class='ocrx_word' id='word_1_209' title='bbox 2433 2371 2538 2421; x_wconf 88' lang='lat' dir='ltr'>Le-</span> 
     </span>
     <span class='ocr_line' id='line_1_43' title="bbox 1506 2443 2536 2520; baseline 0 -19"><span class='ocrx_word' id='word_1_210' title='bbox 1506 2443 1749 2520; x_wconf 78' lang='lat' dir='ltr'>girupio‚</span> <span class='ocrx_word' id='word_1_211' title='bbox 1786 2447 1845 2500; x_wconf 89' lang='lat' dir='ltr'>ni</span> <span class='ocrx_word' id='word_1_212' title='bbox 1883 2448 2067 2512; x_wconf 83' lang='lat' dir='ltr'>fallor,</span> <span class='ocrx_word' id='word_1_213' title='bbox 2109 2467 2306 2501; x_wconf 89' lang='lat' dir='ltr'>nomen</span> <span class='ocrx_word' id='word_1_214' title='bbox 2340 2448 2536 2516; x_wconf 86' lang='lat' dir='ltr'>fuerit,</span> 
     </span>
     <span class='ocr_line' id='line_1_44' title="bbox 1506 2526 2540 2600; baseline 0 -19"><span class='ocrx_word' id='word_1_215' title='bbox 1506 2549 1619 2582; x_wconf 88' lang='lat' dir='ltr'>non</span> <span class='ocrx_word' id='word_1_216' title='bbox 1644 2527 1900 2585; x_wconf 85' lang='lat' dir='ltr'>hominis,</span> <span class='ocrx_word' id='word_1_217' title='bbox 1934 2526 2028 2578; x_wconf 87' lang='lat' dir='ltr'>sed</span> <span class='ocrx_word' id='word_1_218' title='bbox 2060 2528 2157 2580; x_wconf 86' lang='lat' dir='ltr'>rei.</span> <span class='ocrx_word' id='word_1_219' title='bbox 2183 2551 2204 2571; x_wconf 74' lang='grc' dir='ltr'>α</span> <span class='ocrx_word' id='word_1_220' title='bbox 2221 2528 2540 2600; x_wconf 85' lang='lat' dir='ltr'>Legirupio-</span> 
     </span>
     <span class='ocr_line' id='line_1_45' title="bbox 1506 2605 2540 2677; baseline 0 -17"><span class='ocrx_word' id='word_1_221' title='bbox 1506 2626 1635 2660; x_wconf 88' lang='lat' dir='ltr'>nem</span> <span class='ocrx_word' id='word_1_222' title='bbox 1675 2608 1848 2660; x_wconf 82' lang='lat' dir='ltr'>facere</span> <span class='ocrx_word' id='word_1_223' title='bbox 1869 2631 1892 2652; x_wconf 71' lang='grc' dir='ltr'>ι</span> <span class='ocrx_word' id='word_1_224' title='bbox 1937 2605 2260 2676; x_wconf 81' lang='lat' dir='ltr'>interpreter</span> <span class='ocrx_word' id='word_1_225' title='bbox 2285 2634 2322 2677; x_wconf 80' lang='lat'>¹·=</span> <span class='ocrx_word' id='word_1_226' title='bbox 2340 2609 2540 2660; x_wconf 73' lang='lat' dir='ltr'>violare</span> 
     </span>
     <span class='ocr_line' id='line_1_46' title="bbox 1502 2685 2540 2758; baseline -0.001 -18"><span class='ocrx_word' id='word_1_227' title='bbox 1502 2687 1644 2758; x_wconf 76' lang='lat' dir='ltr'>leges</span> <span class='ocrx_word' id='word_1_228' title='bbox 1670 2713 1719 2740; x_wconf 68' lang='lat' dir='ltr'>n.</span> <span class='ocrx_word' id='word_1_229' title='bbox 1739 2687 1916 2751; x_wconf 88' lang='lat' dir='ltr'>Tune,</span> <span class='ocrx_word' id='word_1_230' title='bbox 1934 2685 2130 2758; x_wconf 85' lang='lat' dir='ltr'>inquit,</span> <span class='ocrx_word' id='word_1_231' title='bbox 2147 2685 2342 2739; x_wconf 81' lang='lat' dir='ltr'>audeas</span> <span class='ocrx_word' id='word_1_232' title='bbox 2369 2699 2540 2740; x_wconf 78' lang='lat' dir='ltr'>sacro-</span> 
     </span>
     <span class='ocr_line' id='line_1_47' title="bbox 1506 2764 2538 2836; baseline 0 -16"><span class='ocrx_word' id='word_1_233' title='bbox 1506 2780 1711 2820; x_wconf 85' lang='lat' dir='ltr'>sanctas</span> <span class='ocrx_word' id='word_1_234' title='bbox 1768 2765 1994 2819; x_wconf 89' lang='lat' dir='ltr'>deorum</span> <span class='ocrx_word' id='word_1_235' title='bbox 2053 2767 2191 2836; x_wconf 81' lang='lat' dir='ltr'>leges</span> <span class='ocrx_word' id='word_1_236' title='bbox 2243 2764 2414 2836; x_wconf 79' lang='lat' dir='ltr'>apud·</span> <span class='ocrx_word' id='word_1_237' title='bbox 2439 2785 2538 2820; x_wconf 87' lang='lat' dir='ltr'>nos</span> 
     </span>
     <span class='ocr_line' id='line_1_48' title="bbox 1505 2847 2540 2918; baseline -0.001 -18"><span class='ocrx_word' id='word_1_238' title='bbox 1505 2865 1785 2918; x_wconf 85' lang='lat' dir='ltr'>rumpere,</span> <span class='ocrx_word' id='word_1_239' title='bbox 1819 2863 1938 2916; x_wconf 82' lang='lat' dir='ltr'>quae</span> <span class='ocrx_word' id='word_1_240' title='bbox 1969 2859 2146 2898; x_wconf 80' lang='lat' dir='ltr'>vetant</span> <span class='ocrx_word' id='word_1_241' title='bbox 2177 2847 2442 2916; x_wconf 81' lang='lat' dir='ltr'>supplices</span> <span class='ocrx_word' id='word_1_242' title='bbox 2469 2848 2540 2899; x_wconf 83' lang='lat' dir='ltr'>ab</span> 
     </span>
     <span class='ocr_line' id='line_1_49' title="bbox 1506 2925 2416 2988; baseline -0.004 -8"><span class='ocrx_word' id='word_1_243' title='bbox 1506 2929 1610 2981; x_wconf 82' lang='lat' dir='ltr'>aris</span> <span class='ocrx_word' id='word_1_244' title='bbox 1645 2926 1917 2979; x_wconf 80' lang='lat' dir='ltr'>abstrahi?</span> <span class='ocrx_word' id='word_1_245' title='bbox 1942 2925 2072 2978; x_wconf 84' lang='lat' dir='ltr'>Vid.</span> <span class='ocrx_word' id='word_1_246' title='bbox 2099 2927 2200 2984; x_wconf 63' lang='lat' dir='ltr'>inf.</span> <span class='ocrx_word' id='word_1_247' title='bbox 2232 2928 2322 2988; x_wconf 70' lang='lat'>18.</span> <span class='ocrx_word' id='word_1_248' title='bbox 2349 2926 2416 2977; x_wconf 91' lang='lat' dir='ltr'>N.</span> 
     </span>
    </p>

    <p class='ocr_par' dir='ltr' id='par_1_16' title="bbox 1498 3003 2546 4112">
     <span class='ocr_line' id='line_1_50' title="bbox 1594 3003 2540 3076; baseline -0.003 -15"><span class='ocrx_word' id='word_1_249' title='bbox 1594 3007 1650 3061; x_wconf 83' lang='lat'>5.</span> <span class='ocrx_word' id='word_1_250' title='bbox 1674 3007 1796 3060; x_wconf 84' lang='lat' dir='ltr'>Cum</span> <span class='ocrx_word' id='word_1_251' title='bbox 1813 3008 1991 3076; x_wconf 78' lang='lat' dir='ltr'>pretio.</span> <span class='ocrx_word' id='word_1_252' title='bbox 2016 3007 2109 3058; x_wconf 71' lang='lat' dir='ltr'>Est</span> <span class='ocrx_word' id='word_1_253' title='bbox 2134 3004 2281 3076; x_wconf 88' lang='lat' dir='ltr'>quod</span> <span class='ocrx_word' id='word_1_254' title='bbox 2305 3005 2435 3058; x_wconf 81' lang='lat' dir='ltr'>alias</span> <span class='ocrx_word' id='word_1_255' title='bbox 2455 3003 2540 3058; x_wconf 87' lang='lat' dir='ltr'>di-</span> 
     </span>
     <span class='ocr_line' id='line_1_51' title="bbox 1506 3085 2539 3156; baseline -0.004 -16"><span class='ocrx_word' id='word_1_256' title='bbox 1506 3087 1612 3150; x_wconf 89' lang='lat' dir='ltr'>cit,</span> <span class='ocrx_word' id='word_1_257' title='bbox 1638 3109 1660 3129; x_wconf 70' lang='grc' dir='ltr'><strong>α</strong></span> <span class='ocrx_word' id='word_1_258' title='bbox 1681 3105 1872 3156; x_wconf 84' lang='lat' dir='ltr'>magno</span> <span class='ocrx_word' id='word_1_259' title='bbox 1892 3105 2014 3138; x_wconf 88' lang='lat' dir='ltr'>cum</span> <span class='ocrx_word' id='word_1_260' title='bbox 2037 3087 2178 3138; x_wconf 87' lang='lat' dir='ltr'>malo</span> <span class='ocrx_word' id='word_1_261' title='bbox 2198 3099 2292 3138; x_wconf 87' lang='lat' dir='ltr'>tuo</span> <span class='ocrx_word' id='word_1_262' title='bbox 2315 3111 2337 3131; x_wconf 75' lang='grc' dir='ltr'>ι·</span> <span class='ocrx_word' id='word_1_263' title='bbox 2358 3085 2539 3156; x_wconf 83' lang='lat' dir='ltr'>:quasi</span> 
     </span>
     <span class='ocr_line' id='line_1_52' title="bbox 1507 3165 2540 3234; baseline -0.003 -14"><span class='ocrx_word' id='word_1_264' title='bbox 1507 3167 1654 3220; x_wconf 81' lang='lat' dir='ltr'>dicat</span> <span class='ocrx_word' id='word_1_265' title='bbox 1695 3166 1982 3228; x_wconf 54' lang='lat' dir='ltr'>minitanti,</span> <span class='ocrx_word' id='word_1_266' title='bbox 2021 3185 2132 3217; x_wconf 85' lang='lat' dir='ltr'>non</span> <span class='ocrx_word' id='word_1_267' title='bbox 2187 3165 2412 3234; x_wconf 89' lang='lat' dir='ltr'>impune</span> <span class='ocrx_word' id='word_1_268' title='bbox 2459 3165 2540 3217; x_wconf 88' lang='lat' dir='ltr'>illi</span> 
     </span>
     <span class='ocr_line' id='line_1_53' title="bbox 1508 3245 2540 3310; baseline -0.003 -11"><span class='ocrx_word' id='word_1_269' title='bbox 1508 3247 1798 3300; x_wconf 80' lang='lat' dir='ltr'>abiturum.</span> <span class='ocrx_word' id='word_1_270' title='bbox 1825 3245 2043 3297; x_wconf 72' lang='lat' dir='ltr'>Casina:</span> <span class='ocrx_word' id='word_1_271' title='bbox 2077 3270 2100 3292; x_wconf 80' lang='grc' dir='ltr'>ιι</span> <span class='ocrx_word' id='word_1_272' title='bbox 2121 3245 2297 3305; x_wconf 79' lang='lat' dir='ltr'>Malo,</span> <span class='ocrx_word' id='word_1_273' title='bbox 2326 3245 2540 3310; x_wconf 87' lang='lat' dir='ltr'>hercle,</span> 
     </span>
     <span class='ocr_line' id='line_1_54' title="bbox 1506 3325 2542 3380; baseline -0.003 -1"><span class='ocrx_word' id='word_1_274' title='bbox 1506 3337 1692 3380; x_wconf 82' lang='lat' dir='ltr'>vostro</span> <span class='ocrx_word' id='word_1_275' title='bbox 1725 3338 1831 3376; x_wconf 85' lang='lat' dir='ltr'>tam</span> <span class='ocrx_word' id='word_1_276' title='bbox 1865 3326 2069 3376; x_wconf 82' lang='lat' dir='ltr'>vorsuti</span> <span class='ocrx_word' id='word_1_277' title='bbox 2095 3325 2274 3377; x_wconf 74' lang='lat' dir='ltr'>vivitis</span> <span class='ocrx_word' id='word_1_278' title='bbox 2301 3349 2352 3377; x_wconf 67' lang='lat' dir='ltr'>a.</span> <span class='ocrx_word' id='word_1_279' title='bbox 2402 3325 2542 3376; x_wconf 87' lang='lat' dir='ltr'>Nam</span> 
     </span>
     <span class='ocr_line' id='line_1_55' title="bbox 1498 3401 2541 3476; baseline -0.001 -19"><span class='ocrx_word' id='word_1_280' title='bbox 1498 3409 1711 3476; x_wconf 76' lang='lat' dir='ltr'>pretium</span> <span class='ocrx_word' id='word_1_281' title='bbox 1740 3423 1842 3472; x_wconf 87' lang='lat' dir='ltr'>pro</span> <span class='ocrx_word' id='word_1_282' title='bbox 1881 3423 2028 3474; x_wconf 81' lang='lat' dir='ltr'>poena</span> <span class='ocrx_word' id='word_1_283' title='bbox 2069 3423 2098 3458; x_wconf 82' lang='lat' dir='ltr'>a</span> <span class='ocrx_word' id='word_1_284' title='bbox 2139 3404 2309 3475; x_wconf 83' lang='lat' dir='ltr'>poetis</span> <span class='ocrx_word' id='word_1_285' title='bbox 2344 3401 2541 3456; x_wconf 88' lang='lat' dir='ltr'>identi-</span> 
     </span>
     <span class='ocr_line' id='line_1_56' title="bbox 1506 3481 2538 3556; baseline -0.002 -18"><span class='ocrx_word' id='word_1_286' title='bbox 1506 3485 1629 3538; x_wconf 84' lang='lat' dir='ltr'>dem</span> <span class='ocrx_word' id='word_1_287' title='bbox 1657 3485 1900 3556; x_wconf 86' lang='lat' dir='ltr'>ponitur.</span> <span class='ocrx_word' id='word_1_288' title='bbox 1931 3485 2117 3536; x_wconf 82' lang='lat' dir='ltr'>Horat.</span> <span class='ocrx_word' id='word_1_289' title='bbox 2148 3481 2257 3535; x_wconf 86' lang='lat' dir='ltr'>Od.</span> <span class='ocrx_word' id='word_1_290' title='bbox 2282 3483 2367 3534; x_wconf 88' lang='grc' dir='ltr'>ΙΙΙ</span> <span class='ocrx_word' id='word_1_291' title='bbox 2385 3517 2401 3542; x_wconf 84' lang='lat'>‚</span> <span class='ocrx_word' id='word_1_292' title='bbox 2435 3491 2538 3546; x_wconf 71' lang='lat'>²4³</span> 
     </span>
     <span class='ocr_line' id='line_1_57' title="bbox 1520 3565 2544 3634; baseline 0.002 -20"><span class='ocrx_word' id='word_1_293' title='bbox 1520 3591 1542 3614; x_wconf 72' lang='grc' dir='ltr'>ι</span> <span class='ocrx_word' id='word_1_294' title='bbox 1563 3568 1632 3618; x_wconf 87' lang='lat' dir='ltr'>Et</span> <span class='ocrx_word' id='word_1_295' title='bbox 1654 3583 1876 3634; x_wconf 84' lang='lat' dir='ltr'>peccare</span> <span class='ocrx_word' id='word_1_296' title='bbox 1900 3565 2048 3617; x_wconf 84' lang='lat' dir='ltr'>nefas</span> <span class='ocrx_word' id='word_1_297' title='bbox 2063 3601 2079 3628; x_wconf 95' lang='lat'>,</span> <span class='ocrx_word' id='word_1_298' title='bbox 2100 3575 2191 3616; x_wconf 83' lang='lat' dir='ltr'>aut</span> <span class='ocrx_word' id='word_1_299' title='bbox 2214 3565 2444 3632; x_wconf 84' lang='lat' dir='ltr'>pretium</span> <span class='ocrx_word' id='word_1_300' title='bbox 2466 3576 2544 3616; x_wconf 84' lang='lat' dir='ltr'>est</span> 
     </span>
     <span class='ocr_line' id='line_1_58' title="bbox 1511 3642 2544 3709; baseline -0.002 -12"><span class='ocrx_word' id='word_1_301' title='bbox 1511 3644 1662 3697; x_wconf 76' lang='lat' dir='ltr'>mori‘</span> <span class='ocrx_word' id='word_1_302' title='bbox 1690 3671 1736 3697; x_wconf 64' lang='lat' dir='ltr'>a.</span> <span class='ocrx_word' id='word_1_303' title='bbox 1797 3642 2273 3709; x_wconf 78' lang='lat' dir='ltr'>Quemadmodum</span> <span class='ocrx_word' id='word_1_304' title='bbox 2326 3642 2456 3694; x_wconf 86' lang='lat' dir='ltr'>item</span> <span class='ocrx_word' id='word_1_305' title='bbox 2513 3661 2544 3695; x_wconf 88' lang='lat' dir='ltr'>e</span> 
     </span>
     <span class='ocr_line' id='line_1_59' title="bbox 1510 3723 2546 3792; baseline -0.003 -15"><span class='ocrx_word' id='word_1_306' title='bbox 1510 3725 1802 3787; x_wconf 84' lang='lat' dir='ltr'>contrario,</span> <span class='ocrx_word' id='word_1_307' title='bbox 1824 3743 1968 3791; x_wconf 84' lang='lat' dir='ltr'>paena</span> <span class='ocrx_word' id='word_1_308' title='bbox 2004 3741 2104 3792; x_wconf 90' lang='lat' dir='ltr'>pro</span> <span class='ocrx_word' id='word_1_309' title='bbox 2131 3727 2332 3792; x_wconf 77' lang='lat' dir='ltr'>proemio</span> <span class='ocrx_word' id='word_1_310' title='bbox 2355 3740 2384 3772; x_wconf 83' lang='lat' dir='ltr'>a</span> <span class='ocrx_word' id='word_1_311' title='bbox 2414 3723 2546 3774; x_wconf 89' lang='lat' dir='ltr'>Pro-</span> 
     </span>
     <span class='ocr_line' id='line_1_60' title="bbox 1510 3803 2546 3876; baseline -0.004 -18"><span class='ocrx_word' id='word_1_312' title='bbox 1510 3805 1688 3876; x_wconf 85' lang='lat' dir='ltr'>pertio</span> <span class='ocrx_word' id='word_1_313' title='bbox 1711 3804 1990 3874; x_wconf 82' lang='lat' dir='ltr'>accipitur,</span> <span class='ocrx_word' id='word_1_314' title='bbox 2011 3803 2107 3854; x_wconf 86' lang='lat' dir='ltr'>lib.</span> <span class='ocrx_word' id='word_1_315' title='bbox 2135 3803 2246 3854; x_wconf 79' lang='lat'>111:</span> <span class='ocrx_word' id='word_1_316' title='bbox 2281 3804 2384 3854; x_wconf 71' lang='lat' dir='ltr'>nAt</span> <span class='ocrx_word' id='word_1_317' title='bbox 2405 3814 2546 3873; x_wconf 88' lang='lat' dir='ltr'>post·</span> 
     </span>
     <span class='ocr_line' id='line_1_61' title="bbox 1510 3881 2543 3957; baseline -0.002 -21"><span class='ocrx_word' id='word_1_318' title='bbox 1510 3903 1668 3957; x_wconf 82' lang='lat' dir='ltr'>quam</span> <span class='ocrx_word' id='word_1_319' title='bbox 1724 3902 1873 3936; x_wconf 84' lang='lat' dir='ltr'>sacra</span> <span class='ocrx_word' id='word_1_320' title='bbox 1925 3882 2132 3952; x_wconf 80' lang='lat' dir='ltr'>captiva</span> <span class='ocrx_word' id='word_1_321' title='bbox 2193 3895 2272 3934; x_wconf 88' lang='lat' dir='ltr'>est</span> <span class='ocrx_word' id='word_1_322' title='bbox 2331 3881 2543 3935; x_wconf 87' lang='lat' dir='ltr'>reddita</span> 
     </span>
     <span class='ocr_line' id='line_1_62' title="bbox 1509 3962 2545 4037; baseline -0.002 -21"><span class='ocrx_word' id='word_1_323' title='bbox 1509 3983 1665 4037; x_wconf 85' lang='lat' dir='ltr'>poena</span> <span class='ocrx_word' id='word_1_324' title='bbox 1687 4004 1703 4029; x_wconf 89' lang='lat'>,</span> <span class='ocrx_word' id='word_1_325' title='bbox 1730 3963 1946 4016; x_wconf 88' lang='lat' dir='ltr'>Fortem</span> <span class='ocrx_word' id='word_1_326' title='bbox 1977 3962 2130 4014; x_wconf 89' lang='lat' dir='ltr'>illum</span> <span class='ocrx_word' id='word_1_327' title='bbox 2156 3963 2416 4014; x_wconf 76' lang='lat' dir='ltr'>AEmoniis</span> <span class='ocrx_word' id='word_1_328' title='bbox 2435 3963 2545 4014; x_wconf 89' lang='lat' dir='ltr'>He-</span> 
     </span>
     <span class='ocr_line' id='line_1_63' title="bbox 1510 4035 2545 4112; baseline -0.002 -16"><span class='ocrx_word' id='word_1_329' title='bbox 1510 4035 1660 4096; x_wconf 79' lang='lat' dir='ltr'>ctora</span> <span class='ocrx_word' id='word_1_330' title='bbox 1688 4043 1844 4096; x_wconf 84' lang='lat' dir='ltr'>traxit</span> <span class='ocrx_word' id='word_1_331' title='bbox 1877 4043 2028 4112; x_wconf 87' lang='lat' dir='ltr'>equis</span> <span class='ocrx_word' id='word_1_332' title='bbox 2059 4068 2105 4093; x_wconf 72' lang='grc' dir='ltr'>ι.</span> <span class='ocrx_word' id='word_1_333' title='bbox 2133 4044 2434 4094; x_wconf 69' lang='grc' dir='ltr'><strong>ΒουιΑ.--</strong></span> <span class='ocrx_word' id='word_1_334' title='bbox 2453 4044 2545 4094; x_wconf 90' lang='lat' dir='ltr'>In-</span> 
     </span>
    </p>
   </div>
   <div class='ocr_carea' id='block_1_16' title="bbox 1506 4121 2548 4282">
    <p class='ocr_par' dir='ltr' id='par_1_17' title="bbox 1506 4121 2548 4282">
     <span class='ocr_line' id='line_1_64' title="bbox 1508 4121 2548 4194; baseline 0 -19"><span class='ocrx_word' id='word_1_335' title='bbox 1508 4122 1651 4194; x_wconf 84' lang='lat' dir='ltr'>juria</span> <span class='ocrx_word' id='word_1_336' title='bbox 1675 4121 1966 4179; x_wconf 84' lang='lat' dir='ltr'>indictione</span> <span class='ocrx_word' id='word_1_337' title='bbox 1987 4123 2168 4174; x_wconf 79' lang='lat' dir='ltr'>multae</span> <span class='ocrx_word' id='word_1_338' title='bbox 2189 4123 2548 4193; x_wconf 71' lang='lat' dir='ltr'>plectebatur-3</span> 
     </span>
     <span class='ocr_line' id='line_1_65' title="bbox 1506 4203 2266 4282; baseline -0.003 -26"><span class='ocrx_word' id='word_1_339' title='bbox 1506 4221 1573 4256; x_wconf 82' lang='lat' dir='ltr'>ea</span> <span class='ocrx_word' id='word_1_340' title='bbox 1601 4203 1804 4256; x_wconf 83' lang='lat' dir='ltr'>sanctio</span> <span class='ocrx_word' id='word_1_341' title='bbox 1837 4203 1938 4255; x_wconf 86' lang='lat' dir='ltr'>fuit</span> <span class='ocrx_word' id='word_1_342' title='bbox 1960 4203 2069 4256; x_wconf 87' lang='lat' dir='ltr'>XII</span> <span class='ocrx_word' id='word_1_343' title='bbox 2091 4203 2266 4282; x_wconf 66' lang='lat' dir='ltr'>Tabb.</span> 
     </span>
    </p>
   </div>
  </div>
 </body>
</html>
