3067 5017
858 497 1206 566 ACTUS
1254 501 1322 584 I,
1374 499 1728 572 SCENA
1778 501 1910 570 IV.
2328 501 2465 596 137

836 701 1278 814 SCENA
1344 723 1959 840 QUARTA.

1110 951 1676 1022 PSEUDOLUS.

320 1149 684 1240 Postquam
724 1144 862 1214 illic
895 1143 1056 1214 hinc
1094 1144 1297 1230 abiit,
1343 1159 1418 1214 tu
1453 1144 1674 1214 adstas
1710 1143 1927 1234 solus,
1974 1146 2345 1217 Pseudole:
2389 1213 2399 1224 ,

320 1256 504 1347 Quid
545 1281 728 1324 nunc
764 1270 1070 1340 acturus,
1107 1269 1460 1349 postquam
1499 1253 1693 1323 herili
1737 1254 1878 1324 filio

317 1360 633 1466 Largitus
671 1370 864 1439 dictis
902 1367 1214 1464 dapsilis?
1253 1369 1370 1437 ubi
1407 1383 1566 1437 sunt
1604 1369 1731 1439 ea?

319 1483 503 1571 Quoi
549 1506 767 1575 neque
805 1495 1035 1575 parata
1075 1494 1263 1574 gutta
1307 1479 1470 1548 certi
1509 1477 1785 1566 consili,

317 1596 552 1686 Neque
581 1590 746 1660 adeo
778 1592 1036 1684 argenti
1071 1617 1086 1660 :
1125 1615 1345 1684 neque
1379 1614 1562 1658 nunc
1602 1590 1765 1684 quid
1809 1589 2046 1660 faciam
2086 1590 2269 1678 scic,
2438 1610 2463 1648 ⁵

313 1704 556 1795 Neque
590 1700 882 1770 exordiri
914 1701 1240 1796 primum,
1277 1699 1457 1794 unde
1493 1699 1793 1794 obcipias
1815 1754 1834 1785 ‚
1872 1701 2078 1771 habes
2099 1757 2119 1789 ,

313 1815 550 1906 Neque
585 1812 670 1881 ad
707 1811 1154 1882 detexundam
1201 1809 1402 1879 telam
1439 1824 1657 1878 certos
1694 1811 2033 1882 terminos.

315 1923 450 1994 Sed
486 1925 675 2018 quasi
717 1937 916 2018 poeta
955 1919 1215 1991 tabulas
1262 1946 1466 2015 quom
1513 1919 1691 2015 cepit
1735 1922 1901 2009 sibi,

317 2037 582 2125 Quaerit
617 2035 800 2130 quod
845 2060 1174 2130 nusquam
1196 2033 1278 2103 ’st
1315 2035 1616 2129 gentium
1640 2088 1659 2118 ‚
1705 2033 1957 2129 reperit
1995 2047 2249 2114 tamen,

315 2146 503 2216 Facit
542 2144 706 2214 illud
739 2145 1134 2231 verisimile,
1179 2143 1362 2239 quod
1398 2142 1948 2236 mendacium’st3
2414 2174 2468 2199 ιο

317 2257 524 2326 Nunc
569 2281 700 2351 ego
753 2270 950 2350 poeta
995 2253 1188 2341 fiam,
1228 2255 1466 2348 viginti
1506 2254 1705 2322 minae

317 2367 490 2455 Quae
525 2389 858 2461 nusquam
903 2389 1086 2433 nunc
1128 2379 1284 2434 sunt
1323 2365 1665 2459 gentium,
1702 2363 2037 2432 inveniam
2083 2377 2331 2433 tamen.

261 2571 266 2578 θ
318 2480 536 2571 Atque
571 2501 696 2572 ego
729 2477 888 2546 huic
925 2475 1067 2571 jam
1107 2475 1363 2571 pridem
1405 2500 1512 2543 me
1551 2474 1865 2543 daturum
1906 2473 2243 2562 dixeram,

315 2590 408 2656 At
442 2586 624 2657 volui
663 2587 941 2683 injicere
977 2585 1312 2682 tragulam
1356 2585 1426 2654 in
1465 2600 1772 2654 nostrum
1810 2611 2083 2655 senem:

316 2700 574 2768 Verum
617 2698 672 2767 is
698 2751 719 2789 ‚
765 2697 989 2767 nescio
1027 2722 1163 2792 quo
1207 2711 1443 2792 pacto,
1479 2696 1824 2791 praesensit
1865 2696 2069 2788 prius·
2416 2717 2464 2754 ¹⁵

301 2807 447 2878 'Sed
479 2806 1053 2902 conprimenda'st
1090 2807 1258 2875 mihi
1295 2832 1426 2875 vox
1465 2820 1670 2900 atque
1709 2807 1947 2876 orati0.

315 2921 574 2986 Herum
609 2941 839 2986 eccum
880 2916 1072 2985 video
1111 2917 1282 3005 huc,
1329 2941 1463 2985 una
1506 2917 1849 2986 Simonem
1894 2915 2123 3004 simul,

318 3031 494 3099 Cum
531 3052 652 3096 suo
688 3028 908 3097 vicino
953 3025 1354 3122 Calliphone
1398 3025 1730 3098 incedere.

401 3191 453 3246 3.
499 3193 736 3264 Dapsclt‘s.
781 3193 926 3246 Solet
959 3193 1164 3264 dapsilis
1195 3205 1341 3278 recto
1439 3191 1693 3257 dituram,
1719 3191 1971 3263 qualem
1954 3210 2067 3262 ipsa
2093 3189 2223 3245 dum
2244 3191 2467 3260 viveret,

319 3292 446 3328 casu
462 3272 626 3345 poni,
650 3292 794 3327 nunc
813 3273 876 3326 fit
893 3273 1126 3343 dapsilus.
1440 3269 1714 3342 deponere
1738 3290 1799 3324 ac
1821 3270 2067 3325 detexere
2088 3290 2199 3324 non
2217 3286 2441 3342 posset-

403 3357 457 3408 6.
512 3354 766 3408 Exordc'ri.
827 3353 1066 3406 ordiendi
1115 3353 1340 3406 verbum
1439 3351 1596 3416 Dixi,
1624 3350 2054 3422 significantius:
2084 3370 2210 3404 nam
2246 3353 2467 3423 proprie

316 3433 602 3505 proprium
631 3434 754 3486 artis
779 3433 1054 3487 Minervae.
1088 3433 1236 3486 Lu’s.
1437 3431 1659 3483 detexere
1704 3450 1815 3484 non
1862 3443 1940 3484 est
1986 3429 2135 3484 aliud
2178 3450 2338 3502 quam
2382 3435 2463 3486 τὸν

405 3532 459 3584 7.
519 3512 878 3566 Detexundum.
933 3514 1173 3566 Detexere
1196 3552 1210 3576 ,
1275 3510 1343 3564 de
1441 3511 1576 3565 ἱστὸν
1618 3512 1905 3582 ὖφαγκίναι·
1952 3522 2003 3562 et
2044 3510 2115 3564 ita
2150 3529 2288 3582 aaepe
2320 3511 2462 3583 apud

317 3591 560 3664 perfecto
607 3611 790 3664 panno
840 3605 931 3646 aut
979 3593 1080 3646 tela
1126 3614 1139 3644 ε
1197 3589 1344 3663 quod
1441 3591 1692 3644 Plautum
1720 3603 1773 3643 et
1796 3589 2130 3644 Ciceronem.
2154 3591 2335 3656 Quare
2354 3612 2465 3645 non

320 3670 645 3726 Theocritus
683 3673 950 3744 eleganter
983 3671 1154 3726 dixit:
1183 3690 1346 3725 κατοι-
1441 3671 1619 3723 omnis
1647 3671 1839 3722 detexta
1875 3671 1991 3734 tela,
2023 3669 2209 3741 utique
2241 3683 2293 3723 et
2320 3671 2469 3739 depo-

321 3749 502 3806 Goeivuv
525 3749 780 3822 ἀφ’ἱστοῦ·
809 3751 922 3817 alii,
948 3758 1162 3824 καθαιρῶ
1188 3754 1342 3804 ἱστόν.
1441 3754 1555 3804 sita.
1582 3751 1817 3804 stum.
1864 3781 1945 3792 —
1990 3749 2151 3802 Conf.
2182 3752 2381 3824 Amph.
2406 3755 2431 3806 Ι
2454 3793 2469 3818 ,

321 3832 495 3884 Vetus
523 3831 696 3886 Gloss.
713 3831 934 3894 Decem,
957 3838 1170 3903 καθαιρεῖ)
1189 3832 1344 3885 ἱστόν.
1451 3850 1502 3897 1,
1533 3829 1659 3884 138.

321 3910 596 3964 Titinnius
616 3907 973 3969 Fullonihus.
962 3930 974 3942 ·
1006 3911 1182 3976 «Quae
1205 3911 1347 3964 inter
1533 3915 1623 3974 14.
1640 3910 1751 3972 At,
1770 3907 1805 3960 i.
1830 3927 1882 3979 q.
1904 3921 2099 3962 autem.
2116 3909 2358 3966 Fortasse
2382 3913 2431 3963 E
2434 3925 2470 3966 t.

321 4009 492 4064 annos
519 3988 704 4044 decem
728 3989 959 4062 nequisti
983 4004 1161 4060 togam
1187 4009 1345 4044 unam
1446 4022 1521 4032 -
1576 3989 1651 4040 T.·
1637 3947 1845 4058 agilam
1888 3988 2096 4058 injicere.
2140 3989 2268 4044 vid.
2310 3991 2472 4062 Epid.

325 4068 576 4123 detexere
615 4097 662 4122 ι.
717 4069 1114 4142 significantius
1172 4082 1349 4123 tamen
1446 4070 1521 4135 V,
1554 4089 1619 4134 α,
1650 4069 1741 4121 25.

325 4149 449 4203 alii:
482 4149 728 4220 deponere.
759 4149 818 4203 P.
844 4149 1136 4214 Diaconus,
1156 4149 1252 4202 lib.
1272 4149 1349 4215 Π,
1535 4167 1625 4218 17.
1658 4149 1769 4200 Una
1796 4147 1953 4200 simul.
1981 4149 2109 4204 Hoec
2139 4149 2479 4222 adjungenda

327 4247 444 4302 cap.
469 4228 532 4284 ὃς
563 4254 585 4277 ι
607 4230 764 4283 talem
794 4249 847 4284 se
875 4228 1047 4284 eidem
1075 4229 1230 4284 telam
1263 4249 1348 4283 or·
1449 4229 1792 4300 sequentibus
1818 4228 1941 4281 Cum
1970 4249 2089 4294 suo,
2121 4243 2221 4284 etc.
