3067 5017
826 501 1173 572 ACTUS
1214 506 1283 591 I,
1334 500 1674 574 SCENA
1717 506 1822 571 II.
2227 494 2392 599 '117

251 630 479 723 Neque
510 650 641 721 ego
672 626 978 698 homines
1013 627 1228 722 magis
1258 616 1485 695 asinos
1516 650 1816 719 unquam
1855 625 2030 713 vidi,
2059 626 2155 695 ita
2185 626 2396 723 plagis

534 750 735 804 costae
781 733 1065 820 callent3

248 852 433 939 Quos
486 848 655 917 dum
690 848 885 917 ferias
907 901 927 935 ‚
989 848 1111 915 tibi
1159 844 1315 943 plus
1352 870 1630 935 noceas3
1681 870 1762 915 eo
1797 847 1975 917 enim
2011 847 2290 943 ingenio
2325 848 2397 936 hi

536 973 696 1028 sunt
730 958 1115 1052 flagritribae
1150 985 1166 1026 ε
2377 981 2401 1023 s

248 1069 377 1157 Qui
409 1068 561 1138 haec
584 1069 835 1137 habent
860 1066 1140 1138 consilia
1156 1122 1179 1155 ‚
1199 1067 1317 1138 ubi
1338 1066 1494 1137 data
1515 1067 1788 1137 obcasio
1813 1066 1891 1137 ’st
1909 1121 1929 1155 ‚
1947 1090 2106 1163 rape
2127 1122 2147 1156 ‚
2171 1068 2358 1165 clepe
2377 1116 2398 1152 ‚
2443 1058 2452 1071 ’

542 1193 697 1247 tene
720 1230 739 1264 ‚
778 1178 1074 1272 harpaga
1098 1232 1119 1264 ‚

244 1288 443 1374 Bibe,
480 1312 596 1375 es,
633 1287 831 1383 fuge,
871 1280 1139 1357 hoc'est
1169 1312 1401 1357 eorum
1430 1312 1628 1381 opus.
1705 1300 1712 1314 ”

244 1400 337 1468 Ut
373 1396 655 1466 mavelis
710 1395 907 1491 lupos
952 1396 1135 1492 apud
1188 1398 1370 1467 oveis
1412 1395 1750 1491 linquere,
1802 1419 2008 1492 quam
2045 1396 2172 1467 hos
2219 1398 2401 1470 domi

536 1508 867 1577 custodes.
1160 1502 1165 1507 ⁸

247 1620 332 1687 At
378 1618 625 1687 faciem
676 1602 882 1711 quoni
931 1617 1261 1713 adspicias
1320 1642 1558 1688 eorum
1621 1616 1805 1686 haud
1852 1615 2022 1686 mali‘
2059 1617 2402 1705 videntur,

536 1752 741 1821 opera
776 1726 1040 1796 fallunt.

245 1840 441 1907 Nunc
465 1836 637 1905 adeo
660 1838 835 1906 hanc
859 1836 1257 1906 edictionem
1286 1838 1413 1907 nisi
1432 1836 1735 1905 animum
1752 1836 2102 1905 advertitis
2120 1836 2399 1919 omneis,

248 1952 391 2023 Nisi
434 1977 753 2021 somnum
796 1951 1308 2045 socordiamque
1360 1974 1443 2020 ex
1494 1964 1772 2044 pectore
1827 1949 2168 2046 oculisque
2203 1977 2396 2020 atno-

535 2062 703 2129 vetis
726 2113 765 2157 ‚¹

246 2172 341 2237 Ita
368 2194 499 2265 ego
527 2184 749 2238 vostra
787 2168 993 2239 latera
1025 2170 1187 2239 loris
1220 2169 1491 2257 faciam,
1528 2184 1607 2239 ut
1652 2168 1868 2239 valide
1904 2172 2086 2240 varia
2123 2174 2298 2255 sint;

246 2283 335 2349 Ut
364 2306 451 2349 ne
491 2280 958 2373 peristromata
990 2280 1265 2375 quidem
1298 2305 1486 2375 aeque
1522 2282 1701 2375 picta
1736 2282 1870 2375 sint
1899 2283 2308 2378 Campanica
2329 2338 2348 2371 ,

244 2394 473 2486 Neque
518 2388 971 2461 Alexandrina
1004 2390 1294 2461 belluata
1330 2388 1748 2485 conchyliata
1788 2393 2060 2485 tapetia.

1452 2590 1475 2623 1
1488 2578 1542 2634 4.
1577 2571 1918 2624 Alexandrina
1951 2572 2185 2626 belluam.
2222 2575 2389 2627 Intel-

1364 2650 1498 2704 lexit
1536 2650 1644 2703 hoc
1691 2650 1810 2705 loco
1851 2651 2076 2703 Plautus
2110 2653 2382 2723 ροζγηιίεα,

246 2588 512 2641 quemque
523 2570 605 2623 sui
620 2570 1265 2625 commonefecisseDou·

246 2669 323 2701 zm.
357 2682 439 2691 -—
466 2650 585 2703 Non
619 2662 781 2721 potest
824 2654 1048 2721 usurpari
1084 2670 1230 2703 usura
1244 2691 1261 2715 ,

246 2730 433 2799 quibus
466 2730 550 2783 uti
584 2749 697 2783 non
724 2748 945 2800 possum
964 2768 981 2795 ,
1014 2748 1148 2801 quos
1173 2727 1267 2782 ad-

245 2808 437 2862 ducere
464 2828 579 2862 non
606 2829 858 2881 possum,
880 2822 939 2863 ut
968 2810 1161 2865 faciant
1184 2810 1268 2863 of·

244 2889 439 2943 ficium.
477 2890 546 2942 N.

322 2969 375 3023 5.
392 2969 611 3031 Nocens,
638 2966 978 3040 defatigando
998 2981 1068 3023 te.
1086 2970 1257 3023 Scan.

244 3080 317 3091 -·-
350 3050 433 3101 Eo
462 3054 587 3102 enim
616 3052 839 3118 ingenio,
868 3049 941 3102 ita
968 3060 1091 3101 sunt
1114 3068 1141 3101 a
1167 3069 1263 3102 na-

246 3140 359 3181 tura
394 3130 721 3199 comparati,
762 3142 819 3182 ut
860 3129 1052 3181 lassent
1094 3148 1263 3199 vapu-

246 3207 409 3261 lantes
436 3208 728 3261 cadentem
743 3246 759 3272 ,
788 3226 910 3260 vere
941 3208 1258 3279 flagritribae.

322 3292 377 3341 6.
415 3289 520 3358 Qui
552 3288 655 3340 hoec
683 3286 860 3339 liabent
888 3289 1118 3352 consilia,
1156 3300 1257 3341 etc.

244 3367 467 3421 Illorum
494 3386 553 3421 ea
581 3386 733 3421 mens
762 3379 869 3431 est,
910 3380 971 3421 ut
999 3368 1267 3433 furentur,

246 3446 285 3501 si
328 3447 537 3501 occasio
585 3434 645 3499 se'
685 3444 912 3501 dederit.
953 3480 1034 3493 —-
1078 3446 1225 3516 Clepe
1245 3487 1262 3511 ,

244 3545 413 3597 graeco
437 3526 507 3581 de
536 3526 688 3581 fonte
713 3527 937 3580 verbum
952 3564 971 3590 ,
1010 3538 1070 3577 ut
1092 3527 1269 3596 harpa-

244 3626 377 3675 gare.
425 3608 541 3659 Hac
586 3606 757 3677 figura
805 3604 1139 3675 imperandi,
1172 3624 1269 3677 per

245 3686 677 3757 prosopopoeiam
706 3683 939 3740 vividior
982 3686 1046 3737 fit
1080 3686 1269 3739 oratio·

246 3766 596 3819 Cf.Triuum.
626 3762 719 3829 11',
758 3784 785 3817 2
806 3802 822 3829 ‚
858 3782 947 3817 12.
973 3765 1044 3817 N.

322 3864 377 3915 9.
409 3845 613 3897 Faciem
661 3864 801 3915 quom
848 3844 1091 3913 adspicias
1110 3884 1129 3907 ,
1171 3843 1271 3898 etc.

246 3924 459 3979 Terent.
482 3924 661 3978 Andr.
688 3924 761 3989 V,
790 3942 818 3975 α
839 3957 858 3986 ,
890 3925 961 3977 15
992 3942 1005 3976 ε
1044 3948 1067 3971 ιι
1096 3924 1277 3989 Quom

249 4004 427 4059 faciem
451 4003 637 4058 videas
654 4044 669 4069 ,
692 4000 911 4057 videtur
930 4020 1043 4056 esse
1062 4003 1277 4075 quanti·

248 4085 319 4137 Vis
345 4086 483 4155 preti
510 4110 559 4137 ι.
587 4084 641 4135 N
643 4122 659 4136 0

328 4185 416 4217 12.
470 4165 541 4217 Ut
587 4162 758 4215 valide
798 4166 945 4213 varia
987 4166 1104 4213 sint.
1134 4161 1276 4215 Vide

246 4241 396 4315 Epid.
418 4246 469 4313 1,
502 4262 555 4311 1,
582 4263 605 4299 1
620 4242 675 4309 5,
702 4255 757 4297 et
780 4227 968 4297 Bscc‘h.
990 4242 1093 4307 111,
1113 4240 1169 4312 3,
1184 4241 1273 4295 30.

1366 2749 1485 2801 quae
1510 2731 1588 2785 sic
1619 2729 1819 2785 Graecis
1846 2728 2162 2784 dicebantur
2193 2750 2220 2783 a
2240 2734 2389 2804 poly-
2478 2757 2484 2763 ·

1364 2814 1600 2871 mitat-iis,
1647 2812 1737 2882 qui
1773 2811 2004 2883 strugula
2033 2810 2216 2865 multis
2249 2812 2389 2865 liciis

1364 2890 1638 2955 texebant,
1663 2901 1717 2943 et
1751 2888 1879 2943 inde
1905 2890 2011 2943 hoc
2045 2890 2266 2943 nomine
2291 2909 2388 2945 vo·

1360 2970 1640 3024 cabantur.
1693 2970 1852 3023 Hune
1899 2968 2113 3023 texendi
2163 2969 2386 3023 modum

1357 3061 1413 3103 et
1446 3062 1614 3103 artem
1643 3048 1984 3103 Alexandria
2013 3050 2252 3119 primum
2304 3050 2387 3102 iu-

1358 3129 1592 3183 stitutam
1641 3129 1801 3183 fuisse
1829 3168 1848 3195 ,
1927 3130 2075 3183 testis
2128 3128 2336 3181 Plinius
2371 3147 2388 3182 τ

1364 3234 1389 3257 «ι
1417 3208 1662 3280 plurimis
1691 3228 1818 3262 vero
1850 3208 1987 3262 liciis
2021 3221 2232 3277 texere,
2264 3227 2385 3280 quae

1359 3288 1621 3359 polymita
1644 3289 1928 3359 appellant,
1947 3286 2276 3341 Alexandria
2299 3288 2388 3341 in-

1360 3368 1531 3425 stituit
1549 3396 1576 3415 a·
1611 3386 1625 3420 :
1677 3365 1802 3421 inde
1849 3368 2007 3420 etiam
2045 3368 2388 3421 Alexandrina

1365 3446 1708 3512 dicebantur,
1753 3466 1872 3517 quai
1903 3446 1971 3500 ad
2005 3465 2124 3499 eum
2166 3446 2389 3499 modum

1365 3540 1517 3579 erant
1543 3539 1706 3581 texta.
1743 3532 1866 3580 Non
1891 3545 1990 3579 acu
2029 3527 2390 3597 operabantur

1366 3604 1726 3659 Alexandrini
1765 3606 1846 3658 illi
1891 3605 2258 3677 polymitarii,
2296 3604 2389 3660 sed

1368 3686 1622 3755 pectine:
1651 3704 1774 3739 nam
1809 3686 1868 3737 in
1913 3686 2018 3738 tela
2057 3697 2112 3737 et
2150 3684 2392 3739 textoriis

1314 3810 1317 3813 ,
1370 3764 1738 3819 instrumentis
1781 3776 1946 3817 artem
1996 3782 2146 3816 suam
2185 3782 2394 3817 exerce-

1372 3844 1532 3909 bant,
1564 3865 1624 3899 ac
1668 3862 1767 3915 per
1797 3844 1902 3897 hoc
1935 3862 2060 3897 vere
2087 3856 2142 3896 et
2171 3846 2393 3917 proprie

1374 3926 1646 3981 texebant.
1685 3924 1916 3975 Tantum
1973 3934 2146 3976 tamen
2203 3943 2392 3978 eorum

1374 4003 1660 4057 artificium
1689 4003 1790 4056 fuit
1816 4016 1868 4057 et
1889 4001 2167 4069 industria,
2194 4018 2254 4057 ut
2279 4022 2394 4057 ma-

1369 4084 1487 4153 jore
1513 4084 1684 4137 ferme
1717 4083 1971 4137 varietate
2008 4102 2194 4137 corum
2231 4102 2399 4155 opera

1372 4160 1878 4235 distinguerentur„
1911 4182 2070 4234 quam
2127 4182 2246 4235 quae
2284 4182 2398 4215 ¹acu

1372 4242 1696 4313 Babylonia,
1739 4256 1829 4299 aut
1864 4244 2098 4317 Phrygia
2133 4243 2274 4315 picta
2313 4260 2398 4295 es·
