3067 5017
652 410 803 498 446
1202 412 1497 481 ALIUD
1552 410 2246 484 ARGUMENTUM.

656 535 833 604 dolo.
854 539 940 604 Et
956 534 1257 628 quamvis
1276 533 1777 605 mendosissima
1803 548 1881 626 et„
1899 532 2114 602 lacera
2141 536 2224 602 ad
2251 561 2370 604 nos
2392 541 2806 631 pervenerit,

654 662 875 714 tamen
914 645 1100 737 quasi
1132 643 1212 711 de
1242 668 1468 736 ungue
1501 641 1761 710 leonem
1784 695 1802 726 ‚
1836 659 1953 710 aut
1983 644 2066 711 de
2107 645 2330 714 culmo
2361 647 2587 741 fruges
2625 653 2805 719 aesti-

651 770 875 840 mant,
914 757 1004 822 ita
1047 753 1130 822 de
1167 754 1268 822 his
1312 752 1611 846 reliquiis
1657 755 2044 846 praestantia
2081 755 2282 846 hujus
2329 755 2568 825 fabulae
2601 757 2808 851 plane

649 866 1011 960 judicatur.
1028 867 1536 958 Argumentum
1576 862 1707 931 tale
1734 879 1849 932 est.
1883 866 2204 933 Meretrix
2232 866 2532 958 quaedam
2562 868 2806 938 callida

648 993 717 1044 et
752 990 990 1057 astuta,
1014 990 1080 1043 et
1111 973 1441 1047 famulitio
1480 989 1682 1068 atque
1710 975 1906 1044 rebus
1939 976 2254 1046 omnibus
2287 977 2369 1045 ad
2407 977 2700 1048 fallacias
2735 996 2804 1049 et

650 1087 915 1156 fraudes
941 1087 1298 1170 instructa,
1321 1083 1570 1180 pellicit
1596 1087 1663 1153 in
1695 1111 1994 1154 amorem
2023 1087 2124 1155 sui
2153 1102 2286 1154 tres
2313 1086 2791 1178 adolescente5‚

650 1220 863 1264 unum
912 1196 1282 1280 urbanum,
1327 1220 1526 1287 quem
1571 1194 1873 1264 celeriter
1911 1195 2227 1281 conficit,
2259 1195 2544 1265 alterum
2592 1201 2798 1268 rusti-

652 1333 849 1392 cum,
884 1307 1003 1399 qui
1038 1305 1349 1400 profusus
1391 1307 1489 1375 est
1532 1307 1601 1374 in
1649 1306 1904 1392 dand0‚
1936 1306 2212 1382 tertium
2252 1306 2568 1394 militem,
2607 1311 2800 1402 cujus

652 1416 1015 1487 stoliditate
1036 1417 1246 1501 abuti,
1280 1430 1345 1484 et
1374 1441 1576 1509 quem
1613 1416 1976 1510 compilare
2013 1418 2313 1510 cupienS,
2334 1417 2606 1497 simulat
2629 1446 2696 1488 se
2715 1447 2799 1489 ex

652 1529 798 1622 ipso
828 1552 967 1596 esse
988 1527 1357 1622 gravidam,
1390 1540 1454 1593 et
1485 1524 1615 1594 hoc
1636 1526 1988 1618 persuadet
2018 1525 2313 1596 credule.
2335 1529 2432 1596 Ut
2461 1530 2637 1597 enim
2666 1530 2798 1599 hoc

647 1663 855 1732 genus
890 1638 1301 1719 fastuosum,
1338 1636 1430 1702 ita
1469 1650 1535 1704 et
1575 1635 1890 1702 stolidum
1930 1651 2050 1704 est.
2089 1640 2251 1704 Erat
2281 1639 2530 1705 rustico
2567 1663 2794 1707 servus

647 1748 925 1816 immitis
951 1761 1016 1815 et
1048 1747 1154 1814 cui
1177 1745 1433 1813 doleret
1465 1746 1810 1839 corrumpi
1845 1745 2059 1814 filium
2089 1746 2370 1815 herilem
2404 1773 2423 1832 3
2449 1748 2562 1816 sed
2592 1763 2659 1816 et
2685 1748 2795 1817 ille

653 1872 878 1925 tamen
924 1851 1265 1930 mutatu'r,
1314 1869 1379 1923 et
1428 1853 1674 1922 desinit
1725 1881 1864 1923 esse
1911 1881 2118 1924 saevus
2169 1881 2284 1924 seu
2331 1858 2792 1942 truculentus;

650 1994 806 2036 nam
859 1968 1021 2034 hinc
1072 1989 1318 2033 nomen
1370 1964 1614 2034 fabulae
1651 1966 1940 2035 inditum
1983 1983 2102 2035 est.
2156 1971 2254 2035 Ut
2302 1967 2792 2036 autem'minus

650 2076 931 2170 simplex
965 2091 1437 2170 argumentum
1472 2089 1678 2160 esset,
1707 2077 2028 2145 inseritur
2053 2091 2120 2145 et
2146 2077 2422 2168 virginis
2451 2091 2792 2170 stuprum,

650 2211 1043 2279 compressae
1081 2211 1199 2280 per
1238 2186 1371 2258 vim
1404 2185 1487 2252 ab
1519 2187 1804 2271 urbane,
1839 2211 1988 2279 quae
2019 2212 2228 2279 quum
2267 2186 2551 2261 filiolum
2585 2212 2788 2281 pepe-

646 2297 1099 2380 risset,.hunc
1134 2296 1448 2367 meretrix
1484 2297 1613 2365 sibi
1655 2297 2012 2390 supposuit
2049 2295 2326 2366 allatum
2371 2322 2410 2364 a
2447 2298 2783 2372 tonstrice.

644 2411 740 2479 Ac
790 2433 863 2476 re
910 2407 1130 2502 palam
1168 2407 1385 2491 facta,
1424 2408 1617 2500 virgo
1662 2406 1922 2474 urbano
1962 2407 2201 2494 nubit,
2241 2422 2306 2474 et
2345 2404 2456 2473 ille
2497 2433 2536 2474 a
2575 2432 2787 2475 mere-

644 2520 807 2586 trice
836 2543 1118 2611 puerum
1156 2518 1439 2610 repetit,
1475 2543 1553 2585 ac
1592 2542 1850 2584 amores
1879 2517 2001 2584 hos
2029 2515 2364 2614 relinquit.
2408 2519 2510 2586 Ita
2547 2519 2787 2585 retinet

636 2629 950 2695 meretrix
987 2653 1108 2720 par
1146 2642 1561 2714 amatorum,
1617 2627 1942 2695 rusticum
1979 2653 2056 2695 ac
2095 2625 2372 2694 militem
2398 2681 2416 2711 ‚
2477 2643 2541 2695 et
2583 2629 2650 2695 in
2687 2627 2785 2696 lu-

641 2726 1086 2809 dificando'ac
1112 2735 1549 2829 despoliando
1581 2736 1792 2805 milite
1823 2736 2090 2805 delicias
2121 2737 2299 2806 facit.
2344 2737 2623 2806 Fabula
2661 2737 2782 2805 ha-

640 2849 753 2916 bet
790 2848 1071 2915 formam
1116 2872 1349 2915 eorum
1381 2863 1772 2939 poematum
1795 2902 1815 2932 ‚
1845 2874 1992 2941 quae
2021 2850 2238 2942 μίμους
2273 2845 2637 2941 appellant.
2667 2851 2784 2916 Est

640 2971 862 3025 autem
901 2959 989 3024 ita
1027 2957 1380 3048 depravata
1422 2973 1487 3025 et
1523 2973 1841 3050 corrupta
1885 2985 1922 3024 a
1956 2957 2280 3041 libr-ariis,
2321 2973 2395 3025 ut
2433 2956 2779 3051 aliquoties

640 3065 844 3164 fuerit
881 3066 1047 3134 mihi
1084 3067 1151 3135 in
1194 3066 1421 3139 animo
1460 3093 1565 3136 me
1604 3067 1938 3136 editurum
1985 3094 2128 3136 non
2174 3093 2311 3150 esse
2354 3065 2559 3134 illam.
2601 3069 2778 3139 Scite

638 3201 836 3259 vem,
880 3191 986 3257 et,
1034 3191 1108 3243 ut
1153 3174 1429 3244 Plautus
1468 3175 1801 3270 loquitur,
1845 3180 2042 3246 nimis
2073 3179 2412 3274 graphice
2463 3203 2778 3270 expressa

638 3301 736 3353 est
779 3285 1047 3366 levitaS‚
1072 3301 1137 3352 et
1161 3286 1412 3354 malitia
1442 3302 1505 3354 et
1536 3288 1987 3356 fraudulentia
2021 3289 2434 3373 meretricia3
2471 3305 2539 3356 et
2572 3311 2778 3382 quan·

632 3409 865 3488 topere
908 3396 1241 3489 desipiant
1280 3397 1349 3463 in
1392 3422 1621 3465 amore
1670 3413 1736 3465 et
1775 3399 2198 3491 voluptatum
2252 3399 2584 3467 illecebris
2623 3400 2776 3466 sim-

630 3505 868 3600 plices;
916 3521 983 3578 et
1021 3505 1203 3600 quod
1243 3508 1371 3574 is'to
1422 3532 1665 3600 genere
1703 3508 2090 3594 hominum,
2137 3509 2320 3602 quod
2363 3534 2431 3576 se
2477 3509 2772 3600 primum

630 3643 769 3684 esse
808 3615 951 3684 vult
972 3672 990 3702 ,
1021 3632 1086 3685 et
1122 3618 1389 3684 virtutis
1414 3643 1492 3686 ac
1522 3618 1875 3712 ,dignitatis
1912 3617 2388 3712 possessionem
2432 3618 2772 3710 propriam

625 3753 763 3794 esse
813 3727 1031 3813 ducit,
1065 3725 1249 3806 nihil,
1277 3728 1489 3824 reipsa
1534 3727 1930 3828 plerumque
1969 3731 2054 3810 sit
2096 3730 2373 3824 vaniuS‚
2419 3751 2638 3821 neque
2671 3727 2774 3794 fu-

627 3835 827 3905 tilius,
