3067 5017
790 480 1139 551 ACTUS
1189 484 1352 569 ΙΙΙ,

1405 486 1738 555 SCENA
1788 486 1935 554 III.

283 626 449 673 Anv.
495 605 668 674 Cum
710 600 864 673 illoc
896 618 962 673 te
991 604 1227 675 melius
1265 619 1452 675 tuam
1487 631 1667 693 rem,
1701 606 2128 695 adulescenS,
2174 608 2385 704 loqui.

281 711 429 782 Illic
465 728 565 782 est
603 713 689 782 ad
725 715 884 785 istas
923 738 1023 783 res
1060 715 1352 809 probuS,
1383 742 1554 810 quas
1596 718 1937 811 quaeritas.

283 824 743 894 coLL.Videre
761 824 1072 919 equidem
1085 851 1201 895 vos
1222 825 1481 912 vellem,
1503 852 1707 922 quom
1735 827 1893 897 huic
1916 810 2159 901 aurum
2182 828 2435 903 darem.

283 957 454 1003 Anv.
496 934 694 1004 Illinc
724 934 960 1030 procul
999 962 1122 1005 nos
1166 937 1338 1005 istuc
1369 938 1917 1033 inspectabimuS.

279 1050 712 1114 coL.Bona1n
741 1046 1015 1115 dedistis
1047 1046 1211 1115 mihi
1227 1072 1523 1141 operam.
1543 1069 1877 1127 mmmm.
1895 1068 2217 1123 sedcouybtm
2234 1069 2439 1125 ιιιᾱῑιιι.)

577 1158 644 1225 It
682 1155 768 1224 ad
807 1180 913 1224 me
958 1154 1245 1227 lucru‘m.

2376 1194 2428 1233 7⁰

280 1288 488 1335 com..
529 1264 712 1334 Illud
754 1265 1062 1359 quidem,
1102 1291 1428 1360 quorsum
1467 1269 1697 1337 asinus
1732 1267 1928 1337 caedit
1964 1265 2277 1339 calcibus

280 1397 439 1444 1,Υο.
477 1371 731 1443 Blande
769 1375 1114 1445 hominem
1155 1374 1575 1470 conpellabo.
1609 1379 1869 1471 Hospes
1913 1377 2249 1471 hospitem

281 1482 586 1569 Salutat3
625 1483 878 1553 salvom
919 1499 985 1552 te
1023 1485 1340 1556 advenire
1384 1487 1669 1580 gaudeo,

281 1618 486 1665 com..
524 1594 741 1665 Multa
780 1596 904 1665 tibi
937 1595 1006 1665 di
1040 1595 1202 1665 dent
1241 1598 1419 1666 bona
1436 1622 1695 1691 ‚quom
1722 1623 1831 1667 me
1856 1597 2115 1667 salvom
2142 1622 2287 1669 esse
2318 1600 2437 1669 vis.

281 1728 444 1774 mc,
492 1706 880 1799 Hospitium
917 1721 982 1775 te
1019 1709 1212 1776 aiunt
1245 1710 1619 1802 quaeritare.
1660 1732 1867 1780 com..
1905 1710 2231 1799 Quaerito.
2364 1729 2442 1783 ,τ’

281 1839 444 1887 uc.
481 1819 588 1885 Ita
633 1813 732 1884 illi
774 1816 1122 1904 dixerunt,
1159 1818 1276 1911 qui
1315 1818 1476 1887 hinc
1519 1844 1559 1886 a
1598 1843 1706 1887 me
1741 1818 2060 1888 abierunt
2096 1817 2337 1905 mode,

279 1929 378 1995 Te
412 1926 768 2020 quaeritare
801 1950 838 1994 a
874 1928 1142 1997 muscis.
1177 1951 1377 1998 com..
1421 1929 1731 1999 Minume
1774 1930 2099 2024 gentium.

284 2058 442 2106 ch.
513 2035 700 2123 Quid
737 2037 874 2105 ita?
924 2060 1128 2107 com..
1178 2039 1363 2127 Quia
1397 2064 1437 2107 a
1474 2042 1721 2110 muscis
1766 2040 1823 2109 si
1855 2040 2025 2110 mihi
2072 2039 2440 2134 hospitium

578 2164 943 2239 quaererem
961 2198 981 2233 ,

283 2256 669 2327 Adveniens
708 2256 842 2327 huc
885 2258 1051 2326 irem
1096 2258 1166 2326 in
1211 2282 1545 2329 carcerem
1587 2274 1768 2328 recta
1814 2261 1945 2328 via.

281 2368 428 2461 Ego
463 2364 532 2435 id
567 2391 795 2459 quaero
832 2366 1243 2460 hospitium,
1288 2370 1403 2437 ubi
1447 2394 1574 2463 ego
1616 2394 1814 2439 curer
1856 2362 2162 2459 molliuS,
2392 2392 2446 2431 ⁸⁰

287 2478 513 2565 Quam
551 2478 690 2571 regi
729 2477 1068 2546 Antiocho
1105 2477 1283 2547 oculi
1317 2482 1541 2548 curari
1586 2468 1820 2549 solent.

286 2630 458 2683 tendi.
494 2630 582 2682 Illi
613 2631 770 2703 longa
803 2650 956 2685 mora
989 2643 1066 2685 est
1083 2670 1098 2695 ‚
1142 2629 1314 2685 donec

285 2730 407 2765 cum
430 2707 654 2763 homine
675 2712 791 2783 ipse
820 2710 1088 2780 transigat.
1104 2711 1173 2764 N.

367 2794 465 2845 68.
493 2791 670 2845 Videre
685 2810 776 2843 vos
793 2791 998 2857 vellem,
1030 2809 1130 2846 vos
1155 2802 1314 2843 testes

286 2869 484 2924 adesse.

365 2954 460 3019 69.
490 2950 704 3013 Procul,
733 2968 812 3003 vs.
839 2953 894 3003 6.

368 3048 459 3099 70.
477 3031 671 3085 Bonam
689 3030 800 3083 ded.
821 3030 939 3083 mihi
956 3048 1166 3099 operam.
1187 3028 1313 3083 For-

285 3110 433 3169 mula
457 3111 746 3181 gratiarum
777 3106 990 3179 agendi.

369 3208 402 3258 ⁶7
416 3208 465 3242 ι.
507 3192 748 3259 Quorsum
777 3194 942 3248 asinus
978 3188 1126 3241 coedic
1158 3188 1307 3241 calei-

283 3270 388 3321 bus.
425 3268 626 3323 Asinus
667 3270 928 3322 ferociens
961 3279 1112 3321 retro
1145 3270 1310 3339 jactat

282 3350 471 3403 calces.
485 3348 760 3421 Significat
775 3349 956 3421 igitur,
971 3349 1178 3401 lucrum
1200 3365 1310 3400 non

282 3448 604 3499 preversum
635 3428 704 3483 ad
733 3429 941 3501 Lycum
973 3429 1197 3488 iturum,
1216 3425 1310 3480 sed

283 3509 466 3561 verius
489 3522 782 3562 retrorsum
808 3510 874 3562 ab
893 3505 1082 3566 eodem
1108 3507 1312 3565 absces-

283 3607 492 3641 surum.
519 3590 747 3641 Tuum.

367 3671 469 3738 77.Ι
493 3669 547 3721 Α
579 3670 766 3723 muscis.
796 3667 1058 3721 Parasitos
1091 3677 1144 3720 et
1172 3668 1311 3737 ejus-

284 3744 435 3799 modi
461 3766 630 3819 nugas
652 3747 964 3814 hominum,
1002 3746 1098 3817 qui
1123 3746 1313 3798 alienis

281 3826 546 3879 conviviis
587 3848 698 3881 uon
744 3828 922 3881 vocati
965 3824 1310 3896 supervenie-

281 3906 415 3959 bant
433 3946 450 3971 ‚
493 3908 660 3960 facete
697 3927 882 3960 muscas
912 3918 1188 3959 vocarunt.
1233 3906 1314 3957 Ita

282 3985 679 4056 interpretandi
718 3986 777 4041 hi
809 4004 1020 4048 versus,
1064 3984 1158 4055 qui
1199 3984 1314 4054 ple-

283 4065 467 4135 risque
490 4067 714 4137 aenigma
740 4064 1008 4118 videntur.
1029 4064 1317 4128 Quaerebat

282 4158 462 4197 autem
485 4145 783 4215 hospitium
813 4165 842 4199 a
875 4144 1096 4207 muscis,
1127 4141 1187 4195 id
1210 4155 1314 4206 est,

286 4237 474 4281 contra
510 4244 747 4290 ῐηιιεοεο,
789 4237 850 4283 ut
879 4237 1026 4282 tutus
1059 4242 1090 4277 a
1123 4222 1316 4279 muscis

1377 3124 1659 3181 ‘torquens
1674 3148 1690 3175 ,
1716 3111 1913 3165 abusus
1934 3108 2184 3179 ancipiti:

1405 2634 1579 2698 foret,
1610 2634 1750 2686 liber
1782 2631 1853 2684 ab
1886 2632 2103 2685 arbitris
2142 2645 2197 2686 et
2238 2631 2443 2687 adven·

1405 2712 1642 2777 toribus,
1680 2724 1742 2764 ut
1764 2730 1921 2784 supra
1946 2712 2175 2764 advocati
2197 2711 2446 2766 dixerant

1404 2810 1482 2846 vs.
1509 2793 1598 2846 ⁵0.
1622 2793 2171 2863 Lunum—Acmen
2202 2793 2439 2856 ἄκλητος,

1403 2875 1526 2943 μυῖαι
1547 2910 1564 2936 ,
1586 2870 1732 2942 apud
1752 2871 2136 2941 Antiphonem.
2171 2870 2343 2925 Bora.

1488 2952 1586 3021 78.
1616 2953 1751 3021 Quia
1778 2970 1811 3002 a
1841 2954 2012 3003 muscis
2032 2952 2078 3001 si
2093 2988 2110 3015 ,
2136 2963 2240 3004 etc.
2260 2950 2441 3005 Cavil-

1399 3031 1543 3083 lator
1578 3030 1723 3083 ludit
1765 3030 1872 3084 alio
1912 3029 2099 3083 eadem
2130 3022 2295 3083 verba
2340 3028 2438 3081 de·

2223 3134 2247 3157 e
2268 3128 2313 3163 si
2336 3127 2436 3179 pe-

1400 3188 1601 3243 tiissem
1648 3208 1680 3243 a
1729 3190 1926 3243 muscis
1956 3189 2281 3261 hospitium,
2314 3206 2435 3259 quo

1397 3269 1539 3321 nihii
1580 3282 1775 3339 proeter
1810 3270 2043 3324 alienum
2084 3280 2139 3321 et
2174 3266 2436 3338 flagitium
2512 3288 2534 3323 a

1395 3349 1625 3414 habent,
1646 3349 1779 3403 irem
1802 3368 1889 3403 eas
1904 3350 2231 3403 comitatum
2240 3348 2300 3401 in
2323 3364 2435 3401 car-

1397 3447 1631 3487 cerem»
1644 3430 1749 3483 .Ν.

1485 3512 1582 3565 81.
1601 3510 1851 3567 Antiocho
1871 3509 2016 3561 oculi.
2036 3506 2231 3561 Graeca
2254 3503 2435 3559 fabula
2481 3565 2493 3574 ,

1400 3606 1466 3640 eo
1493 3602 1733 3660 tempore
1759 3590 1959 3659 scripta
1986 3598 2097 3651 est,
2117 3602 2229 3655 quo
2248 3586 2436 3639 Antio-

1399 3668 1535 3721 chus
1545 3668 1818 3739 regnabat.
1834 3666 2019 3721 Oculis
2037 3666 2258 3719 fortasse
2272 3684 2437 3737 πετο-

1403 3748 1573 3800 tabat.
1616 3744 1781 3812 Quod
1806 3762 1894 3800 ‘ex
1942 3744 2165 3801 historia
2215 3745 2436 3803 illorum

1401 3839 1707 3898 temporum
1735 3838 1927 3879 notum
1956 3836 2087 3883 tunc
2114 3838 2287 3895 poetas
2311 3825 2433 3879 fuit.

1403 3908 1636 3959 Samus.
1663 3938 1743 3949 --
1782 3904 2041 3959 Asiaticus
2077 3923 2173 3959 rex
2198 3904 2437 3963 ·molliu·

1379 3986 1548 4045 seule
1567 3986 1809 4058 vivebat,
1842 3994 1897 4037 et
1928 3984 2117 4038 oculos
2149 4002 2301 4037 caros
2338 3984 2435 4037 ha·

1403 4067 1524 4117 huit
1534 4066 1769 4136 quisque
1792 4082 1933 4127 suos,
1946 4063 2145 4136 siquid
2166 4082 2437 4135 unqnamg

1405 4143 1552 4197 unde
1574 4144 1781 4195 oculitus
1801 4161 1983 4196 amare.
2027 4144 2135 4196 Alii
2167 4142 2438 4214 explicant

1405 4224 1536 4281 opali
1562 4223 1655 4293 qui
1698 4236 1822 4277 suut
1852 4223 1908 4275 in
1940 4222 2277 4277 Antiochana
2316 4221 2444 4278 aula

2343 487 2539 560 53·
