3067 5017
686 391 827 478 488
1345 353 2162 476 TRUGULENT‘U&

684 516 1085 606 Maledicere
1103 513 1309 582 audes
1330 565 1349 600 ‚
1382 513 1531 582 fons
1563 515 1684 582 viti
1708 530 1774 583 et
1795 516 2259 610 perjuri?·s'rn.
2281 517 2578 587 Verbum
2609 545 2816 589 unum

676 617 872 700 Ἅάἀε
893 628 1057 694 istoc
1074 649 1093 710 ;
1107 625 1246 718 jam
1266 677 1285 710 ‚
1311 625 1565 712 hercle,
1595 651 1719 720 ego
1747 641 1811 694 te
1829 625 1984 696 heic
2011 627 2136 697 hac
2163 626 2423 696 offatim
2445 630 2818 700 conficiam.

964 759 1126 806 GET.
1156 739 1387 830 Tange

676 847 921 931 Modo,
944 847 1085 940 jam
1120 869 1244 939 ego
1266 859 1337 913 te
1366 845 1475 914 hic
1500 869 1751 938 agnum
1781 846 2018 916 faciam
2041 902 2060 934 ‚
2100 862 2170 916 et
2199 847 2498 916 medium
2527 849 2818 919 distruu-

968 955 1135 1024 cabo
1167 979 1183 1023 τ
1226 956 1279 1022 si
1316 969 1392 1023 tu

676 1067 781 1137 Ad
824 1067 1151 1162 legionem
1196 1063 1479 1133 bellator
1520 1064 1740 1152 clues,
1777 1081 1848 1134 at
1885 1091 2006 1161 ego
2041 1069 2110 1134 in
2144 1068 2368 1137 culina
2413 1072 2598 1139 AreS.

678 1203 848 1250 ΡΗΒ.
872 1179 941 1247 Si
969 1201 1229 1271 aequom
1261 1165 1497 1261 facias,
1521 1175 1915 1246 adventores
1943 1203 2126 1246 meos
2143 1203 2280 1246 non
2319 1180 2580 1248 incuses
2607 1205 2627 1266 ;
2654 1206 2815 1274 quo·

966 1312 1115 1356 rum
1154 1286 1349 1383 mihi*
2769 1315 2816 1354 ⁵⁵

672 1405 871 1471 Dona
913 1398 1192 1492 adoepta
1232 1410 1300 1464 et
1343 1411 1531 1489 grata
1567 1395 1820 1483 habeo;
1874 1411 2124 1490 tuaque
2175 1397 2472 1491 ingrata,
2509 1423 2660 1491 quae
2702 1400 2817 1468 abs

964 1523 1032 1576 te
1073 1506 1327 1601 adcepi.

672 1645 821 1690 srn.
852 1622 1073 1702 Tune,
1106 1616 1250 1712 pol,
1282 1641 1409 1710 ego
1437 1631 1504 1683 et
1532 1615 1727 1685 donis
1760 1615 2064 1710 privatus
2097 1641 2282 1702 sum,
2310 1632 2376 1685 et
2413 1614 2610 1711 perii!
2651 1643 2814 1690 GE‘r.

964 1728 1169 1799 Plane
1208 1728 1379 1796 istuc
1423 1741 1545 1794 est.

670 1839 857 1928 Quid
892 1863 1074 1906 nunc
1113 1861 1273 1930 ergo
1305 1837 1455 1904 heic
1490 1835 1718 1904 odiose
1751 1859 1850 1923 οε,
1887 1836 2230 1906 confessus
2261 1837 2578 1906 omnibus
2625 1838 2818 1907 reus?

672 1974 819 2020 s'rn.
863 1949 1077 2032 Perii,
1114 1945 1374 2038 hercle,
1408 1945 1611 2013 hodie
1631 1932 1666 2031 ‚'
1684 1945 1810 2014 nisi
1851 1945 2033 2015 hunc
2059 1969 2097 2013 a
2125 1960 2190 2014 te
2225 1944 2459 2040 abigo!
2489 1971 2645 2016 GET.
2682 1947 2818 2016 Ad-

962 2055 1122 2124 cede
1158 2055 1292 2122 huc
1334 2055 1569 2136 modo,

670 2167 798 2236 Adi
839 2167 970 2234 huo
1007 2165 1232 2233 modo.
1280 2189 1428 2234 s‘rn.
1471 2166 1694 2234 Etiam
1717 2217 1736 2250 ‚
1771 2163 1984 2233 scelus
2023 2165 2188 2251 viri,
2223 2166 2588 2236 minitare?
2617 2193 2817 2262 quem

962 2301 1088 2369 ego
2767 2299 2818 2336 σο

670 2387 950 2457 Offatim
966 2387 1128 2480 jam,
1145 2386 1310 2479 jam,
1328 2385 1464 2478 jam
1488 2384 1947 2477 concipilabo:
1970 2384 2133 2478 quid
2154 2385 2274 2452 tibi
2298 2385 2432 2454 hue
2451 2389 2676 2457 ventio
2694 2387 2817 2456 ’st?

670 2497 857 2587 Quid
882 2496 1004 2566 tihi
1034 2497 1209 2566 hanc
1227 2495 1435 2564 aditio
1449 2494 1528 2563 ’st
1549 2495 1578 2564 Ρ
1605 2494 1769 2588 quid
1796 2495 1916 2562 tibi
1942 2493 2116 2562 hane
2137 2494 2466 2588 gnotio’st
2482 2549 2500 2580 ,
2519 2497 2818 2590 inquam,

670 2608 969 2676 Amicam
1008 2607 1267 2674 meam?
1304 2605 1628 2673 emoriere
1660 2604 1884 2691 ocius»,
1922 2605 1976 2672 si
2017 2629 2223 2673 manu
2261 2606 2526 2676 niceriS.

755 2853 845 2905 51.
864 2851 1077 2918 Perjem'.
1099 2847 1218 2900 Mil.
1246 2849 1305 2911 Ι,
1335 2865 1384 2911 1,
1410 2867 1502 2902 αι.

754 2933 849 2986 52.
878 2931 1038 2990 Istoc,
1080 2927 1117 2979 i.
1146 2945 1202 2996 q.
1240 2926 1409 2990 istuc,
1452 2945 1556 2996 pro
1596 2925 1702 2980 «ad

670 3015 766 3066 ista
790 3037 837 3062 ι.
881 3011 948 3062 N.

692 3147 703 3159 ‚
757 3093 850 3155 54.
879 3090 943 3141 In
968 3091 1131 3141 culina
1161 3087 1308 3140 Ares.
1342 3085 1480 3138 Geta
1508 3102 1540 3136 e
1566 3084 1702 3138 culi-

668 3191 739 3224 na
760 3189 891 3223 veru
918 3169 1204 3222 allaturum
1230 3165 1697 3218 minatur.Varro:

678 3277 699 3299 ι
722 3252 779 3304 si
808 3267 919 3302 non
954 3250 1083 3319 plus
1120 3245 1486 3298 testiculorum
1522 3244 1697 3296 offen-

668 3330 815 3382 deris
850 3347 1013 3398 quam
1054 3328 1111 3378 in
1148 3336 1375 3378 castrato
1412 3342 1607 3395 pecore
1641 3325 1699 3376 in

671 3408 900 3481 Apulia,
923 3407 1111 3459 vincor
1128 3423 1241 3458 non
1267 3421 1378 3457 esse
1401 3403 1698 3456 masculum

670 3494 835 3542 Arem
863 3513 911 3540 ι.
940 3484 1254 3538 Probaveris
1269 3483 1443 3553 ipsum
1466 3482 1697 3536 Martem

666 3588 782 3623 non
807 3585 919 3620 esse
942 3565 1238 3620 masculum
1254 3601 1269 3626 ‚
1292 3561 1700 3633 proverbialiter

666 3649 819 3704 dixit.
845 3645 994 3710 Quid
1022 3643 1167 3698 enim
1189 3642 1357 3713 magis
1378 3642 1699 3707 masculum,

668 3747 830 3799 quam
869 3725 1001 3778 deut
1032 3723 1163 3776 belli
1200 3739 1424 3792 praeses,
1466 3733 1520 3772 et
1551 3720 1697 3775 idem

668 3806 901 3859 Veneris
929 3801 1184 3858 maritus?
1206 3801 1457 3856 Pam.

752 3885 1185 3940 55.Adventom.
1214 3880 1299 3934 Cf.
1324 3882 1381 3943 1,
1416 3899 1471 3943 a,
1506 3899 1556 3932 2.

752 3967 843 4034 59.
867 3967 1030 4028 Perii,
1063 3963 1096 4015 i.
1130 3979 1178 4016 e.
1220 3959 1475 4031 perierim
1516 3959 1698 4031 potius

666 4063 827 4116 quam
870 4063 981 4096 non
1030 4042 1297 4111 abegerim
1346 4040 1491 4093 hunc
1534 4059 1566 4094 a
1609 4051 1663 4093 te
1680 4078 1696 4105 ,

666 4124 1035 4179 Phronesium.
1068 4122 1136 4175 N.
1363 4117 1381 4136 ⁸

1876 2851 1965 2900 61.
1993 2844 2331 2916 Concipilabo.
2359 2848 2544 2902 Festus
2567 2867 2582 2902 τ
2628 2875 2651 2896 ι
2676 2851 2819 2903 Con-

1791 2925 2016 2996 cipiltsti
2033 2965 2050 2992 ‚
2091 2925 2295 2980 dictum
2337 2946 2368 2980 a
2413 2928 2628 2994 Naevio,
2681 2949 2782 3000 pro
2798 2966 2815 2992 ‚

1789 3006 2098 3077 corripuisti
2123 3019 2179 3058 et
2209 3007 2454 3062 involasti
2481 3034 2529 3060 ι.
2559 3007 2646 3060 Ad
2672 3007 2818 3080 quod

1788 3083 1978 3156 Scalig.
2015 3085 2336 3157 Concipe'lastae‘
2351 3125 2368 3150 ,
2405 3085 2551 3139 idem
2581 3106 2643 3140 ac
2673 3108 2820 3142 com-

1788 3165 1962 3234 pilasti
1990 3183 2005 3220 :
2049 3179 2108 3218 ut
2131 3167 2398 3236 reciprocus
2405 3205 2424 3228 ‚
2457 3186 2679 3238 repr-ocus
2693 3187 2715 3232 ,⁶
2743 3189 2816 3219 ev·

1787 3246 2002 3314 prerare
2019 3283 2036 3309 ‚
2071 3265 2297 3315 reparare
2311 3285 2326 3307 ‚
2373 3250 2654 3317 incitegere,
2695 3252 2817 3300 inte·

1781 3341 1915 3392 gere.
1940 3324 2122 3380 Gnon.

1866 3409 1960 3457 62.
1983 3405 2134 3456 Hanc
2158 3405 2329 3459 aditio.
2355 3405 2554 3476 Amph.
2578 3406 2626 3468 I,
2647 3393 2703 3471 3,
2720 3425 2814 3460 v21.

1869 3484 1963 3537 63.
1999 3484 2158 3536 blarru
2181 3487 2372 3537 nicet-is.
2409 3485 2610 3548 Nicen,
2639 3505 2670 3538 a
2708 3505 2814 3556 quo

1788 3560 2082 3616 deductum
2121 3578 2200 3618 est
2243 3569 2456 3627 nictare,
2495 3563 2644 3636 quod
2687 3584 2816 3616 nus-

1785 3660 1944 3712 quam
1967 3643 2098 3696 alibi
2112 3682 2130 3710 ,
2147 3643 2297 3714 quod
2323 3645 2506 3710 sciam,
2532 3646 2818 3714 reperitur,

1787 3720 2044 3792 signifieat
2059 3723 2277 3795 signum
2293 3723 2496 3778 facere:
2519 3736 2580 3776 ut
2597 3743 2814 3776 manum

1787 3820 2032 3868 movere,
2065 3816 2152 3857 aut
2185 3821 2246 3856 ea
2272 3803 2482 3858 minari.
2521 3805 2706 3860 Tuan.
2737 3837 2816 3846 --

1787 3881 1970 3946 Quum
1997 3882 2124 3936 alibi
2153 3884 2208 3935 τὸ
2235 3886 2391 3936 ηἰεενε
2417 3903 2530 3940 non
2563 3883 2633 3936 sit
2669 3884 2816 3937 inve-

1787 3960 1936 4026 nire,
1961 3963 2218 4031 putabam
2246 3961 2530 4033 legendum
2553 3981 2698 4017 manu
2718 3968 2814 4016 ice-

1786 4045 1879 4109 ris,
1911 4038 1967 4092 id
1993 4055 2101 4106 est,
2122 4042 2165 4094 si
2189 4061 2349 4095 manu
2374 4043 2632 4114 tetigeris.
2658 4043 2808 4106 Ivem,

1785 4133 2086 4190 percutere,
2119 4122 2296 4192 inquit
2319 4123 2526 4191 Festus.
2555 4123 2733 4176 Boxu.
