3067 5017
958 1980 1756 2085 PROLOGUS.

1066 2278 1135 2287 ..—

1534 2288 1644 2300 —q

234 2589 237 2591 ,
294 2472 627 2599 PACEM
664 2530 1088 2627 quietemque
1136 2537 1363 2625 vobiS,
1412 2558 1856 2636 spectatoreS,
1900 2572 2166 2629 nostros
2213 2590 2430 2639 sermo

283 2654 617 2744 poeticum
680 2670 903 2749 regat,
963 2658 1078 2750 qui
1134 2660 1525 2732 Graecorum
1585 2666 1969 2766 disciplinas
2020 2705 2136 2749 ore
2198 2705 2429 2758 narrat

284 2775 615 2863 barbaro,
668 2792 735 2846 et
778 2780 1176 2849 Latinorum
1224 2800 1481 2855 vetusta
1540 2806 1762 2860 vestro
1817 2798 2049 2868 recolit
2100 2818 2422 2901 tempore.

277 2880 607 2989 ¹Praeterea
646 2919 958 2996 precatur
1000 2920 1065 2973 et
1111 2923 1334 3001 sperat
1380 2936 1517 2980 non
1558 2914 1927 2989 inhumana
1967 2925 2150 3014 vice,
2195 2923 2271 2999 ut
2305 2935 2424 3026 qui

278 3025 466 3093 vobis
514 3024 809 3095 laborem
849 3028 1161 3117 indulsit,
1215 3048 1501 3103 vestram
1559 3037 1803 3109 referat
1855 3047 2155 3139 gratiam.
2203 3054 2420 3126 Aulu-

279 3143 513 3213 lariam
567 3147 765 3215 hodie
792 3140 1031 3222 'sumus
1076 3156 1330 3242 acturi,
1397 3184 1534 3225 non
1574 3177 1862 3232 veterem
1917 3192 1994 3237 ac
2038 3174 2272 3245 rudem
2315 3181 2419 3249 in-

280 3268 672 3361 vestigatam
717 3268 931 3339 Plauti
974 3298 1093 3365 per
1138 3277 1433 3371 vestigia.
1484 3282 1750 3352 Fabella
1788 3287 1928 3357 haec
1968 3308 2088 3361 est.
2131 3299 2420 3373 Felicem

278 3636 535 3719 veniet,
575 3651 783 3705 totam
836 3640 1089 3709 tenebit
1150 3643 1464 3740 fabulam.
1534 3654 1841 3757 Ipsexest
1910 3659 2212 3754 ingratus
2271 3668 2418 3761 ille,

278 3774 505 3826 noster
543 3785 558 3827 ε
614 3760 723 3829 hic
767 3761 921 3829 felix
968 3765 1114 3834 erit.
1165 3770 1221 3839 E
1278 3776 1619 3843 contrario
1665 3780 2156 3877 Mandrogerus
2205 3793 2420 3864 aderit

277 3879 741 3951 fraudulentus
775 3900 840 3952 et
871 3886 1087 3955 miser.
1123 3892 1256 3957 Lar
1290 3891 1630 3966 familiaris
1652 3954 1671 3987 ‚
1705 3903 1819 3994 qui
1863 3906 2117 3997 primus
2157 3915 2418 4001 veniet,

277 4009 421 4102 ipse
474 4028 757 4102 exponet
800 4017 1043 4083 omnia.
1088 4020 1373 4087 Materia
1434 4044 1683 4095 vosmet
1735 4032 2026 4121 reficiet,
2081 4040 2133 4105 si
2167 4040 2457 4141 fatigat.

280 4128 495 4199 lecti0.
546 4137 625 4201 In
669 4133 840 4202 ludis
889 4152 1113 4249 autem
1168 4154 1367 4235 atque
1424 4144 1616 4216 dictis
1669 4154 2008 4247 antiquam
2062 4163 2254 4233 nobis
2309 4193 2420 4237 ve·

277 4250 460 4333 niam
490 4236 955 4346 ‘exposcimus
1013 4262 1230 4331 Nemo
1286 4264 1551 4353 sibimet
1597 4274 1963 4348 arbitretur
2014 4283 2188 4375 dici,
2237 4292 2422 4385 quod

2039 4378 2152 4451 35.
