<?xml version="1.0" encoding="UTF-8"?>
<!DOCTYPE html PUBLIC "-//W3C//DTD XHTML 1.0 Transitional//EN"
    "http://www.w3.org/TR/xhtml1/DTD/xhtml1-transitional.dtd">
<html xmlns="http://www.w3.org/1999/xhtml" xml:lang="en" lang="en">
 <head>
  <title>
</title>
<meta http-equiv="Content-Type" content="text/html;charset=utf-8" />
  <meta name='ocr-system' content='tesseract 3.04.00' />
  <meta name='ocr-capabilities' content='ocr_page ocr_carea ocr_par ocr_line ocrx_word'/>
</head>
<body>
  <div class='ocr_page' id='page_1' title='image "./macciiplauticom00naudgoog_0468.png"; bbox 0 0 3067 5017; ppageno 0'>
   <div class='ocr_carea' id='block_1_1' title="bbox 540 458 2765 3301">
    <p class='ocr_par' dir='ltr' id='par_1_1' title="bbox 609 458 2112 552">
     <span class='ocr_line' id='line_1_1' title="bbox 609 458 2112 552; baseline -0.005 -16"><span class='ocrx_word' id='word_1_1' title='bbox 609 459 753 552; x_wconf 73' lang='lat'><strong>458</strong></span> <span class='ocrx_word' id='word_1_2' title='bbox 1282 458 2112 544; x_wconf 84' lang='lat' dir='ltr'>TRUCULENTUS,</span> 
     </span>
    </p>

    <p class='ocr_par' dir='ltr' id='par_1_2' title="bbox 607 571 2760 772">
     <span class='ocr_line' id='line_1_2' title="bbox 607 571 2760 672; baseline -0.006 -21"><span class='ocrx_word' id='word_1_3' title='bbox 607 606 754 651; x_wconf 99' lang='grc' dir='ltr'><strong>ΜΝ.</strong></span> <span class='ocrx_word' id='word_1_4' title='bbox 790 581 1135 672; x_wconf 85' lang='lat' dir='ltr'><strong>Utrosque.</strong></span> <span class='ocrx_word' id='word_1_5' title='bbox 1166 576 1572 672; x_wconf 77' lang='lat' dir='ltr'><strong>pet-cognovi</strong></span> <span class='ocrx_word' id='word_1_6' title='bbox 1611 573 2014 644; x_wconf 76' lang='lat' dir='ltr'><strong>uti-ebidem.</strong></span> <span class='ocrx_word' id='word_1_7' title='bbox 2044 597 2198 644; x_wconf 65' lang='grc' dir='ltr'><strong>ΛΒΤ.</strong></span> <span class='ocrx_word' id='word_1_8' title='bbox 2238 578 2460 658; x_wconf 79' lang='lat' dir='ltr'>Istoc,</span> <span class='ocrx_word' id='word_1_9' title='bbox 2489 571 2603 666; x_wconf 71' lang='lat' dir='ltr'><strong>poi</strong></span> <span class='ocrx_word' id='word_1_10' title='bbox 2625 623 2648 658; x_wconf 89' lang='lat'>,</span> <span class='ocrx_word' id='word_1_11' title='bbox 2685 585 2760 638; x_wconf 87' lang='lat' dir='ltr'><strong>tu</strong></span> 
     </span>
     <span class='ocr_line' id='line_1_3' title="bbox 901 689 2758 772; baseline -0.004 -15"><span class='ocrx_word' id='word_1_12' title='bbox 901 689 1192 772; x_wconf 81' lang='lat' dir='ltr'><strong>oti-usus,</strong></span> <span class='ocrx_word' id='word_1_13' title='bbox 1432 725 1449 742; x_wconf 84' lang='lat'><em>·</em></span> <span class='ocrx_word' id='word_1_14' title='bbox 2707 700 2758 741; x_wconf 82' lang='lat'><strong>⁵·</strong></span> 
     </span>
    </p>

    <p class='ocr_par' dir='ltr' id='par_1_3' title="bbox 605 793 2758 977">
     <span class='ocr_line' id='line_1_4' title="bbox 605 793 2758 891; baseline -0.002 -22"><span class='ocrx_word' id='word_1_15' title='bbox 605 803 836 890; x_wconf 84' lang='lat' dir='ltr'><strong>Quom</strong></span> <span class='ocrx_word' id='word_1_16' title='bbox 875 814 940 867; x_wconf 88' lang='lat' dir='ltr'><strong>et</strong></span> <span class='ocrx_word' id='word_1_17' title='bbox 977 797 1150 866; x_wconf 87' lang='lat' dir='ltr'><strong>illeie</strong></span> <span class='ocrx_word' id='word_1_18' title='bbox 1188 812 1254 865; x_wconf 91' lang='lat' dir='ltr'><strong>et</strong></span> <span class='ocrx_word' id='word_1_19' title='bbox 1291 796 1441 865; x_wconf 86' lang='lat' dir='ltr'><strong>heic</strong></span> <span class='ocrx_word' id='word_1_20' title='bbox 1485 819 1844 891; x_wconf 84' lang='lat' dir='ltr'>pervorsus</span> <span class='ocrx_word' id='word_1_21' title='bbox 1885 819 1954 863; x_wconf 87' lang='lat' dir='ltr'><strong>es</strong></span> <span class='ocrx_word' id='word_1_22' title='bbox 1989 821 2006 863; x_wconf 78' lang='lat' dir='ltr'>t</span> <span class='ocrx_word' id='word_1_23' title='bbox 2048 793 2164 864; x_wconf 85' lang='lat' dir='ltr'><strong>sed</strong></span> <span class='ocrx_word' id='word_1_24' title='bbox 2209 793 2379 862; x_wconf 70' lang='lat' dir='ltr'><strong>utria</strong></span> <span class='ocrx_word' id='word_1_25' title='bbox 2422 818 2576 864; x_wconf 81' lang='lat' dir='ltr'><strong>cum</strong></span> <span class='ocrx_word' id='word_1_26' title='bbox 2617 821 2758 864; x_wconf 85' lang='lat' dir='ltr'><strong>rem</strong></span> 
     </span>
     <span class='ocr_line' id='line_1_5' title="bbox 904 907 1345 977; baseline -0.007 0"><span class='ocrx_word' id='word_1_27' title='bbox 904 931 1043 977; x_wconf 85' lang='lat' dir='ltr'><strong>esse</strong></span> <span class='ocrx_word' id='word_1_28' title='bbox 1078 907 1345 976; x_wconf 76' lang='lat' dir='ltr'><strong>mavis?</strong></span> 
     </span>
    </p>

    <p class='ocr_par' dir='ltr' id='par_1_4' title="bbox 610 1014 2320 1110">
     <span class='ocr_line' id='line_1_6' title="bbox 610 1014 2320 1110; baseline -0.004 -20"><span class='ocrx_word' id='word_1_29' title='bbox 610 1045 759 1090; x_wconf 92' lang='grc' dir='ltr'><strong>ΜΝ.</strong></span> <span class='ocrx_word' id='word_1_30' title='bbox 808 1018 1236 1089; x_wconf 85' lang='lat' dir='ltr'>Procaciores</span> <span class='ocrx_word' id='word_1_31' title='bbox 1273 1017 1429 1085; x_wconf 82' lang='lat' dir='ltr'><strong>estis</strong></span> <span class='ocrx_word' id='word_1_32' title='bbox 1460 1042 1620 1102; x_wconf 65' lang='lat' dir='ltr'>VOS,</span> <span class='ocrx_word' id='word_1_33' title='bbox 1657 1016 1775 1086; x_wconf 88' lang='lat' dir='ltr'><strong>sed</strong></span> <span class='ocrx_word' id='word_1_34' title='bbox 1807 1014 1901 1084; x_wconf 90' lang='lat' dir='ltr'><strong>illi</strong></span> <span class='ocrx_word' id='word_1_35' title='bbox 1941 1015 2320 1110; x_wconf 79' lang='lat' dir='ltr'><strong>perjuriosi.</strong></span> 
     </span>
    </p>

    <p class='ocr_par' dir='ltr' id='par_1_5' title="bbox 605 1124 2756 1224">
     <span class='ocr_line' id='line_1_7' title="bbox 605 1124 2756 1224; baseline -0.003 -23"><span class='ocrx_word' id='word_1_36' title='bbox 605 1131 747 1202; x_wconf 78' lang='lat' dir='ltr'><strong>luis</strong></span> <span class='ocrx_word' id='word_1_37' title='bbox 785 1130 960 1224; x_wconf 79' lang='lat' dir='ltr'><strong>perit</strong></span> <span class='ocrx_word' id='word_1_38' title='bbox 997 1127 1327 1222; x_wconf 89' lang='lat' dir='ltr'><strong>quidquid</strong></span> <span class='ocrx_word' id='word_1_39' title='bbox 1362 1126 1582 1215; x_wconf 80' lang='lat' dir='ltr'><strong>datur,</strong></span> <span class='ocrx_word' id='word_1_40' title='bbox 1612 1151 1832 1222; x_wconf 87' lang='lat' dir='ltr'><strong>neque</strong></span> <span class='ocrx_word' id='word_1_41' title='bbox 1865 1125 2026 1220; x_wconf 86' lang='lat' dir='ltr'><strong>ipsis</strong></span> <span class='ocrx_word' id='word_1_42' title='bbox 2053 1126 2332 1220; x_wconf 80' lang='lat' dir='ltr'><strong>adparet</strong></span> <span class='ocrx_word' id='word_1_43' title='bbox 2367 1124 2756 1220; x_wconf 78' lang='lat' dir='ltr'><strong>quidquam.</strong></span> 
     </span>
    </p>

    <p class='ocr_par' dir='ltr' id='par_1_6' title="bbox 604 1235 2562 1332">
     <span class='ocr_line' id='line_1_8' title="bbox 604 1235 2562 1332; baseline -0.004 -20"><span class='ocrx_word' id='word_1_44' title='bbox 604 1247 747 1313; x_wconf 88' lang='lat' dir='ltr'><strong>Vos</strong></span> <span class='ocrx_word' id='word_1_45' title='bbox 780 1240 1052 1323; x_wconf 83' lang='lat' dir='ltr'><strong>saltem,</strong></span> <span class='ocrx_word' id='word_1_46' title='bbox 1091 1239 1146 1307; x_wconf 89' lang='lat' dir='ltr'><strong>si</strong></span> <span class='ocrx_word' id='word_1_47' title='bbox 1187 1237 1353 1332; x_wconf 90' lang='lat' dir='ltr'><strong>quid</strong></span> <span class='ocrx_word' id='word_1_48' title='bbox 1393 1238 1726 1331; x_wconf 82' lang='lat' dir='ltr'><strong>quaeritis,</strong></span> <span class='ocrx_word' id='word_1_49' title='bbox 1758 1251 1824 1305; x_wconf 87' lang='lat' dir='ltr'><strong>et</strong></span> <span class='ocrx_word' id='word_1_50' title='bbox 1860 1236 2090 1304; x_wconf 87' lang='lat' dir='ltr'>bibitis</span> <span class='ocrx_word' id='word_1_51' title='bbox 2127 1250 2195 1304; x_wconf 89' lang='lat' dir='ltr'><strong>et</strong></span> <span class='ocrx_word' id='word_1_52' title='bbox 2229 1235 2562 1304; x_wconf 80' lang='lat' dir='ltr'><strong>comestiS.</strong></span> 
     </span>
    </p>

    <p class='ocr_par' dir='ltr' id='par_1_7' title="bbox 604 1345 2762 1443">
     <span class='ocr_line' id='line_1_9' title="bbox 604 1345 2762 1443; baseline -0.003 -22"><span class='ocrx_word' id='word_1_53' title='bbox 604 1356 951 1421; x_wconf 80' lang='lat' dir='ltr'><strong>Postremo</strong></span> <span class='ocrx_word' id='word_1_54' title='bbox 996 1347 1091 1417; x_wconf 84' lang='lat' dir='ltr'><strong>illi</strong></span> <span class='ocrx_word' id='word_1_55' title='bbox 1138 1364 1297 1417; x_wconf 83' lang='lat' dir='ltr'><strong>suut</strong></span> <span class='ocrx_word' id='word_1_56' title='bbox 1331 1347 1634 1443; x_wconf 83' lang='lat' dir='ltr'>inprobi,</span> <span class='ocrx_word' id='word_1_57' title='bbox 1677 1371 1798 1416; x_wconf 83' lang='lat' dir='ltr'><strong>vos</strong></span> <span class='ocrx_word' id='word_1_58' title='bbox 1837 1369 2127 1440; x_wconf 85' lang='lat' dir='ltr'><strong>nequam</strong></span> <span class='ocrx_word' id='word_1_59' title='bbox 2172 1361 2239 1414; x_wconf 83' lang='lat' dir='ltr'><strong>et</strong></span> <span class='ocrx_word' id='word_1_60' title='bbox 2282 1345 2588 1440; x_wconf 77' lang='lat' dir='ltr'><strong>gloriosae</strong></span> <span class='ocrx_word' id='word_1_61' title='bbox 2715 1364 2762 1402; x_wconf 79' lang='lat'><strong>⁵⁵</strong></span> 
     </span>
    </p>

    <p class='ocr_par' dir='ltr' id='par_1_8' title="bbox 606 1457 2763 1656">
     <span class='ocr_line' id='line_1_10' title="bbox 606 1457 2763 1557; baseline -0.004 -23"><span class='ocrx_word' id='word_1_62' title='bbox 606 1463 958 1557; x_wconf 83' lang='lat' dir='ltr'><strong>Malaeque.</strong></span> <span class='ocrx_word' id='word_1_63' title='bbox 998 1483 1143 1532; x_wconf 68' lang='grc' dir='ltr'><strong>ΛΒΤ.</strong></span> <span class='ocrx_word' id='word_1_64' title='bbox 1184 1462 1357 1549; x_wconf 81' lang='lat' dir='ltr'><strong>Quae</strong></span> <span class='ocrx_word' id='word_1_65' title='bbox 1394 1459 1464 1527; x_wconf 84' lang='lat' dir='ltr'><strong>in</strong></span> <span class='ocrx_word' id='word_1_66' title='bbox 1504 1483 1626 1528; x_wconf 89' lang='lat' dir='ltr'><strong>nos</strong></span> <span class='ocrx_word' id='word_1_67' title='bbox 1668 1457 1991 1552; x_wconf 84' lang='lat' dir='ltr'><strong>illosque,</strong></span> <span class='ocrx_word' id='word_1_68' title='bbox 2017 1481 2094 1526; x_wconf 86' lang='lat' dir='ltr'><strong>ea</strong></span> <span class='ocrx_word' id='word_1_69' title='bbox 2141 1459 2370 1526; x_wconf 84' lang='lat' dir='ltr'><strong>omnia</strong></span> <span class='ocrx_word' id='word_1_70' title='bbox 2409 1458 2534 1526; x_wconf 84' lang='lat' dir='ltr'>tibi</span> <span class='ocrx_word' id='word_1_71' title='bbox 2570 1457 2763 1540; x_wconf 85' lang='lat' dir='ltr'><strong>dicis,</strong></span> 
     </span>
     <span class='ocr_line' id='line_1_11' title="bbox 899 1568 1283 1656; baseline -0.01 -14"><span class='ocrx_word' id='word_1_72' title='bbox 899 1568 1283 1656; x_wconf 73' lang='lat' dir='ltr'><strong>Dinarche,</strong></span> 
     </span>
    </p>

    <p class='ocr_par' dir='ltr' id='par_1_9' title="bbox 606 1675 2762 1861">
     <span class='ocr_line' id='line_1_12' title="bbox 606 1675 2762 1768; baseline -0.005 -13"><span class='ocrx_word' id='word_1_73' title='bbox 606 1689 703 1755; x_wconf 84' lang='lat' dir='ltr'><strong>Et·</strong></span> <span class='ocrx_word' id='word_1_74' title='bbox 739 1695 1036 1753; x_wconf 83' lang='lat' dir='ltr'><strong>nostram</strong></span> <span class='ocrx_word' id='word_1_75' title='bbox 1082 1695 1151 1749; x_wconf 88' lang='lat' dir='ltr'><strong>et</strong></span> <span class='ocrx_word' id='word_1_76' title='bbox 1190 1678 1462 1748; x_wconf 81' lang='lat' dir='ltr'><strong>illorum</strong></span> <span class='ocrx_word' id='word_1_77' title='bbox 1507 1681 1740 1748; x_wconf 81' lang='lat' dir='ltr'><strong>vicem.</strong></span> <span class='ocrx_word' id='word_1_78' title='bbox 1791 1703 1941 1749; x_wconf 88' lang='grc' dir='ltr'><strong>ΜΝ.</strong></span> <span class='ocrx_word' id='word_1_79' title='bbox 1985 1677 2128 1768; x_wconf 78' lang='lat' dir='ltr'><strong>Qui</strong></span> <span class='ocrx_word' id='word_1_80' title='bbox 2175 1677 2388 1746; x_wconf 80' lang='lat' dir='ltr'><strong>istuc?</strong></span> <span class='ocrx_word' id='word_1_81' title='bbox 2428 1693 2575 1748; x_wconf 61' lang='grc' dir='ltr'><strong>Δεῖ.</strong></span> <span class='ocrx_word' id='word_1_82' title='bbox 2625 1675 2762 1746; x_wconf 79' lang='lat' dir='ltr'><strong>Ra-</strong></span> 
     </span>
     <span class='ocr_line' id='line_1_13' title="bbox 908 1791 1482 1861; baseline -0.007 0"><span class='ocrx_word' id='word_1_83' title='bbox 908 1793 1163 1861; x_wconf 88' lang='lat' dir='ltr'><strong>tionem</strong></span> <span class='ocrx_word' id='word_1_84' title='bbox 1210 1791 1428 1858; x_wconf 84' lang='lat' dir='ltr'><strong>dicam</strong></span> <span class='ocrx_word' id='word_1_85' title='bbox 1464 1816 1482 1858; x_wconf 73' lang='lat' dir='ltr'>t</span> 
     </span>
    </p>

    <p class='ocr_par' dir='ltr' id='par_1_10' title="bbox 610 1898 2762 1996">
     <span class='ocr_line' id='line_1_14' title="bbox 610 1898 2762 1996; baseline -0.003 -24"><span class='ocrx_word' id='word_1_86' title='bbox 610 1905 793 1993; x_wconf 83' lang='lat' dir='ltr'><strong>Quia</strong></span> <span class='ocrx_word' id='word_1_87' title='bbox 828 1903 945 1996; x_wconf 92' lang='lat' dir='ltr'><strong>qui</strong></span> <span class='ocrx_word' id='word_1_88' title='bbox 1001 1898 1288 1970; x_wconf 77' lang='lat' dir='ltr'><strong>alterum</strong></span> <span class='ocrx_word' id='word_1_89' title='bbox 1346 1900 1610 1968; x_wconf 83' lang='lat' dir='ltr'><strong>incusat</strong></span> <span class='ocrx_word' id='word_1_90' title='bbox 1650 1898 1913 1994; x_wconf 78' lang='lat' dir='ltr'>probri,</span> <span class='ocrx_word' id='word_1_91' title='bbox 1949 1923 2102 1967; x_wconf 85' lang='lat' dir='ltr'><strong>eum</strong></span> <span class='ocrx_word' id='word_1_92' title='bbox 2143 1899 2363 1992; x_wconf 84' lang='lat' dir='ltr'><strong>ipsuni</strong></span> <span class='ocrx_word' id='word_1_93' title='bbox 2405 1925 2474 1978; x_wconf 78' lang='lat' dir='ltr'><strong>se</strong></span> <span class='ocrx_word' id='word_1_94' title='bbox 2517 1901 2762 1968; x_wconf 85' lang='lat' dir='ltr'><strong>intueri</strong></span> 
     </span>
    </p>

    <p class='ocr_par' dir='ltr' id='par_1_11' title="bbox 640 2019 1199 2105">
     <span class='ocr_line' id='line_1_15' title="bbox 640 2019 1199 2105; baseline -0.004 -25"><span class='ocrx_word' id='word_1_95' title='bbox 640 2019 656 2032; x_wconf 85' lang='grc'><em>“</em></span> <span class='ocrx_word' id='word_1_96' title='bbox 714 2047 731 2064; x_wconf 83' lang='grc'><em>·</em></span> <span class='ocrx_word' id='word_1_97' title='bbox 834 2061 837 2064; x_wconf 91' lang='grc'>-</span> <span class='ocrx_word' id='word_1_98' title='bbox 906 2025 1199 2105; x_wconf 85' lang='lat' dir='ltr'><strong>oportet.</strong></span> 
     </span>
    </p>

    <p class='ocr_par' dir='ltr' id='par_1_12' title="bbox 608 2121 2758 2217">
     <span class='ocr_line' id='line_1_16' title="bbox 608 2121 2758 2217; baseline -0.001 -23"><span class='ocrx_word' id='word_1_99' title='bbox 608 2123 713 2194; x_wconf 88' lang='lat' dir='ltr'><strong>Tu</strong></span> <span class='ocrx_word' id='word_1_100' title='bbox 732 2149 770 2192; x_wconf 83' lang='lat' dir='ltr'><strong>a</strong></span> <span class='ocrx_word' id='word_1_101' title='bbox 789 2123 1007 2208; x_wconf 68' lang='lat' dir='ltr'>nobiS,</span> <span class='ocrx_word' id='word_1_102' title='bbox 1025 2123 1315 2217; x_wconf 81' lang='lat' dir='ltr'><strong>sapiens,</strong></span> <span class='ocrx_word' id='word_1_103' title='bbox 1326 2121 1493 2190; x_wconf 82' lang='lat' dir='ltr'><strong>nihil</strong></span> <span class='ocrx_word' id='word_1_104' title='bbox 1508 2121 1712 2190; x_wconf 88' lang='lat' dir='ltr'><strong>habes</strong></span> <span class='ocrx_word' id='word_1_105' title='bbox 1727 2147 1742 2190; x_wconf 77' lang='lat' dir='ltr'><strong><em>z</em></strong></span> <span class='ocrx_word' id='word_1_106' title='bbox 1765 2147 1886 2192; x_wconf 89' lang='lat' dir='ltr'><strong>nos</strong></span> <span class='ocrx_word' id='word_1_107' title='bbox 1901 2145 2186 2216; x_wconf 80' lang='lat' dir='ltr'><strong>nequam</strong></span> <span class='ocrx_word' id='word_1_108' title='bbox 2201 2123 2318 2190; x_wconf 84' lang='lat' dir='ltr'><strong>abs</strong></span> <span class='ocrx_word' id='word_1_109' title='bbox 2331 2138 2398 2191; x_wconf 89' lang='lat' dir='ltr'><strong>te</strong></span> <span class='ocrx_word' id='word_1_110' title='bbox 2412 2123 2653 2192; x_wconf 83' lang='lat' dir='ltr'><strong>habem</strong></span> <span class='ocrx_word' id='word_1_111' title='bbox 2663 2149 2758 2193; x_wconf 85' lang='lat' dir='ltr'><strong>us.</strong></span> 
     </span>
    </p>

    <p class='ocr_par' dir='ltr' id='par_1_13' title="bbox 540 2228 2765 2438">
     <span class='ocr_line' id='line_1_17' title="bbox 540 2228 2765 2328; baseline -0.001 -24"><span class='ocrx_word' id='word_1_112' title='bbox 540 2308 545 2313; x_wconf 14' lang='grc' dir='ltr'><em>Α</em></span> <span class='ocrx_word' id='word_1_113' title='bbox 610 2259 759 2328; x_wconf 92' lang='grc' dir='ltr'><strong>ΜΝ.</strong></span> <span class='ocrx_word' id='word_1_114' title='bbox 830 2235 893 2304; x_wconf 87' lang='lat' dir='ltr'>O</span> <span class='ocrx_word' id='word_1_115' title='bbox 945 2232 1377 2327; x_wconf 81' lang='lat' dir='ltr'><strong>Astaphium,</strong></span> <span class='ocrx_word' id='word_1_116' title='bbox 1416 2231 1598 2302; x_wconf 83' lang='lat' dir='ltr'><strong>haud</strong></span> <span class='ocrx_word' id='word_1_117' title='bbox 1643 2235 1811 2303; x_wconf 85' lang='lat' dir='ltr'><strong>istoc</strong></span> <span class='ocrx_word' id='word_1_118' title='bbox 1858 2228 2060 2302; x_wconf 73' lang='lat' dir='ltr'><strong>modo</strong></span> <span class='ocrx_word' id='word_1_119' title='bbox 2098 2231 2294 2302; x_wconf 82' lang='lat' dir='ltr'><strong>solita</strong></span> <span class='ocrx_word' id='word_1_120' title='bbox 2342 2259 2412 2302; x_wconf 88' lang='lat' dir='ltr'><strong>es</strong></span> <span class='ocrx_word' id='word_1_121' title='bbox 2461 2259 2569 2302; x_wconf 88' lang='lat' dir='ltr'><strong>me</strong></span> <span class='ocrx_word' id='word_1_122' title='bbox 2611 2247 2765 2302; x_wconf 83' lang='lat' dir='ltr'><strong>ante</strong></span> 
     </span>
     <span class='ocr_line' id='line_1_18' title="bbox 904 2341 2765 2438; baseline -0.004 -26"><span class='ocrx_word' id='word_1_123' title='bbox 904 2341 1275 2438; x_wconf 69' lang='lat' dir='ltr'><strong>adpellare,</strong></span> <span class='ocrx_word' id='word_1_124' title='bbox 2713 2367 2765 2404; x_wconf 70' lang='lat' dir='ltr'><strong>oo</strong></span> 
     </span>
    </p>

    <p class='ocr_par' dir='ltr' id='par_1_14' title="bbox 605 2454 2765 2636">
     <span class='ocr_line' id='line_1_19' title="bbox 605 2454 2765 2551; baseline -0.001 -25"><span class='ocrx_word' id='word_1_125' title='bbox 605 2455 736 2526; x_wconf 88' lang='lat' dir='ltr'><strong>Sed</strong></span> <span class='ocrx_word' id='word_1_126' title='bbox 773 2454 1049 2542; x_wconf 85' lang='lat' dir='ltr'><strong>blande,</strong></span> <span class='ocrx_word' id='word_1_127' title='bbox 1090 2479 1299 2550; x_wconf 89' lang='lat' dir='ltr'><strong>quom</strong></span> <span class='ocrx_word' id='word_1_128' title='bbox 1347 2454 1548 2542; x_wconf 73' lang='lat' dir='ltr'><strong>illuc,</strong></span> <span class='ocrx_word' id='word_1_129' title='bbox 1592 2455 1773 2550; x_wconf 90' lang='lat' dir='ltr'><strong>quod</strong></span> <span class='ocrx_word' id='word_1_130' title='bbox 1807 2455 1989 2550; x_wconf 87' lang='lat' dir='ltr'><strong>apud</strong></span> <span class='ocrx_word' id='word_1_131' title='bbox 2021 2475 2140 2523; x_wconf 79' lang='lat' dir='ltr'><strong>vos</strong></span> <span class='ocrx_word' id='word_1_132' title='bbox 2179 2478 2362 2524; x_wconf 86' lang='lat' dir='ltr'><strong>nunc</strong></span> <span class='ocrx_word' id='word_1_133' title='bbox 2404 2470 2538 2544; x_wconf 87' lang='lat' dir='ltr'><strong>est,</strong></span> <span class='ocrx_word' id='word_1_134' title='bbox 2584 2457 2765 2551; x_wconf 75' lang='lat' dir='ltr'><strong>apud</strong></span> 
     </span>
     <span class='ocr_line' id='line_1_20' title="bbox 905 2565 1395 2636; baseline 0.004 -2"><span class='ocrx_word' id='word_1_135' title='bbox 905 2591 1012 2635; x_wconf 88' lang='lat' dir='ltr'><strong>me</strong></span> <span class='ocrx_word' id='word_1_136' title='bbox 1056 2565 1395 2636; x_wconf 78' lang='lat' dir='ltr'><strong>haberem.</strong></span> 
     </span>
    </p>

    <p class='ocr_par' dir='ltr' id='par_1_15' title="bbox 613 2677 2762 2882">
     <span class='ocr_line' id='line_1_21' title="bbox 613 2677 2762 2770; baseline 0 -23"><span class='ocrx_word' id='word_1_137' title='bbox 613 2699 765 2747; x_wconf 63' lang='grc' dir='ltr'><strong>ΛΒΤ.</strong></span> <span class='ocrx_word' id='word_1_138' title='bbox 808 2679 995 2746; x_wconf 88' lang='lat' dir='ltr'><strong>Dum</strong></span> <span class='ocrx_word' id='word_1_139' title='bbox 1046 2677 1253 2765; x_wconf 80' lang='lat' dir='ltr'>vivit,</span> <span class='ocrx_word' id='word_1_140' title='bbox 1299 2677 1647 2746; x_wconf 85' lang='lat' dir='ltr'><strong>hominem</strong></span> <span class='ocrx_word' id='word_1_141' title='bbox 1696 2678 2057 2770; x_wconf 80' lang='lat' dir='ltr'><strong>gnoveris;</strong></span> <span class='ocrx_word' id='word_1_142' title='bbox 2099 2677 2217 2745; x_wconf 82' lang='lat' dir='ltr'><strong>ubi</strong></span> <span class='ocrx_word' id='word_1_143' title='bbox 2269 2689 2578 2748; x_wconf 81' lang='lat' dir='ltr'><strong>mortuus</strong></span> <span class='ocrx_word' id='word_1_144' title='bbox 2619 2695 2718 2748; x_wconf 80' lang='lat' dir='ltr'><strong>est</strong></span> <span class='ocrx_word' id='word_1_145' title='bbox 2744 2730 2762 2764; x_wconf 78' lang='lat'><em>‚</em></span> 
     </span>
     <span class='ocr_line' id='line_1_22' title="bbox 907 2809 2680 2882; baseline -0.002 -28"><span class='ocrx_word' id='word_1_146' title='bbox 907 2809 1237 2882; x_wconf 78' lang='lat' dir='ltr'><strong>quiescas,</strong></span> <span class='ocrx_word' id='word_1_147' title='bbox 2675 2857 2680 2862; x_wconf 55' lang='grc'><strong>,</strong></span> 
     </span>
    </p>

    <p class='ocr_par' dir='ltr' id='par_1_16' title="bbox 608 2898 2762 3076">
     <span class='ocr_line' id='line_1_23' title="bbox 608 2898 2762 2993; baseline 0 -25"><span class='ocrx_word' id='word_1_148' title='bbox 608 2903 737 2985; x_wconf 84' lang='lat' dir='ltr'><strong>Te,</strong></span> <span class='ocrx_word' id='word_1_149' title='bbox 775 2898 936 2968; x_wconf 89' lang='lat' dir='ltr'><strong>dum</strong></span> <span class='ocrx_word' id='word_1_150' title='bbox 983 2899 1290 2987; x_wconf 85' lang='lat' dir='ltr'><strong>vivebas,</strong></span> <span class='ocrx_word' id='word_1_151' title='bbox 1328 2923 1719 2993; x_wconf 85' lang='lat' dir='ltr'><strong>gnoveram.</strong></span> <span class='ocrx_word' id='word_1_152' title='bbox 1761 2921 1916 2968; x_wconf 85' lang='grc' dir='ltr'><strong>ΜΝ.</strong></span> <span class='ocrx_word' id='word_1_153' title='bbox 1962 2901 2066 2966; x_wconf 89' lang='lat' dir='ltr'><strong>An</strong></span> <span class='ocrx_word' id='word_1_154' title='bbox 2116 2925 2221 2968; x_wconf 88' lang='lat' dir='ltr'><strong>me</strong></span> <span class='ocrx_word' id='word_1_155' title='bbox 2266 2914 2612 2969; x_wconf 86' lang='lat' dir='ltr'><strong>mortuum</strong></span> <span class='ocrx_word' id='word_1_156' title='bbox 2649 2925 2762 2969; x_wconf 86' lang='lat' dir='ltr'><strong>ar·-</strong></span> 
     </span>
     <span class='ocr_line' id='line_1_24' title="bbox 903 3007 1197 3076; baseline 0.003 -1"><span class='ocrx_word' id='word_1_157' title='bbox 903 3007 1197 3076; x_wconf 73' lang='lat' dir='ltr'><strong>biti-are?</strong></span> 
     </span>
    </p>

    <p class='ocr_par' dir='ltr' id='par_1_17' title="bbox 605 3117 2763 3301">
     <span class='ocr_line' id='line_1_25' title="bbox 605 3117 2763 3214; baseline -0.001 -26"><span class='ocrx_word' id='word_1_158' title='bbox 605 3144 753 3189; x_wconf 73' lang='lat' dir='ltr'><strong>As‘r.</strong></span> <span class='ocrx_word' id='word_1_159' title='bbox 791 3117 928 3208; x_wconf 78' lang='lat' dir='ltr'><strong>Qui</strong></span> <span class='ocrx_word' id='word_1_160' title='bbox 966 3121 1143 3214; x_wconf 87' lang='lat' dir='ltr'><strong>potis</strong></span> <span class='ocrx_word' id='word_1_161' title='bbox 1180 3133 1311 3207; x_wconf 90' lang='lat' dir='ltr'><strong>est,</strong></span> <span class='ocrx_word' id='word_1_162' title='bbox 1355 3122 1630 3204; x_wconf 84' lang='lat' dir='ltr'><strong>amab0‚</strong></span> <span class='ocrx_word' id='word_1_163' title='bbox 1674 3117 1990 3214; x_wconf 80' lang='lat' dir='ltr'><strong>planius?</strong></span> <span class='ocrx_word' id='word_1_164' title='bbox 2024 3119 2141 3212; x_wconf 90' lang='lat' dir='ltr'><strong>qui</strong></span> <span class='ocrx_word' id='word_1_165' title='bbox 2179 3118 2464 3188; x_wconf 80' lang='lat' dir='ltr'><strong>antehac</strong></span> <span class='ocrx_word' id='word_1_166' title='bbox 2505 3133 2763 3188; x_wconf 85' lang='lat' dir='ltr'><strong>amator</strong></span> 
     </span>
     <span class='ocr_line' id='line_1_26' title="bbox 904 3255 1207 3301; baseline 0 -3"><span class='ocrx_word' id='word_1_167' title='bbox 904 3255 1207 3301; x_wconf 73' lang='lat' dir='ltr'><strong>summus</strong></span> 
     </span>
    </p>
   </div>
   <div class='ocr_carea' id='block_1_2' title="bbox 580 3405 2762 4279">
    <p class='ocr_par' dir='ltr' id='par_1_18' title="bbox 608 3405 2762 3640">
     <span class='ocr_line' id='line_1_27' title="bbox 696 3405 2759 3476; baseline 0 -15"><span class='ocrx_word' id='word_1_168' title='bbox 696 3409 790 3461; x_wconf 78' lang='lat'><strong>56.</strong></span> <span class='ocrx_word' id='word_1_169' title='bbox 810 3408 937 3476; x_wconf 80' lang='lat' dir='ltr'><strong>Qnae</strong></span> <span class='ocrx_word' id='word_1_170' title='bbox 962 3409 1012 3458; x_wconf 70' lang='lat' dir='ltr'><strong>in</strong></span> <span class='ocrx_word' id='word_1_171' title='bbox 1044 3425 1161 3473; x_wconf 76' lang='lat' dir='ltr'><strong>nos,</strong></span> <span class='ocrx_word' id='word_1_172' title='bbox 1184 3419 1288 3461; x_wconf 73' lang='lat' dir='ltr'><strong>etc.</strong></span> <span class='ocrx_word' id='word_1_173' title='bbox 1311 3408 1447 3473; x_wconf 75' lang='lat' dir='ltr'><strong>Quoe</strong></span> <span class='ocrx_word' id='word_1_174' title='bbox 1470 3410 1525 3461; x_wconf 83' lang='lat' dir='ltr'><strong>in</strong></span> <span class='ocrx_word' id='word_1_175' title='bbox 1542 3425 1642 3462; x_wconf 83' lang='lat' dir='ltr'><strong>nos</strong></span> <span class='ocrx_word' id='word_1_176' title='bbox 1821 3411 1915 3461; x_wconf 81' lang='lat'><strong>61.</strong></span> <span class='ocrx_word' id='word_1_177' title='bbox 1949 3407 2052 3460; x_wconf 72' lang='lat' dir='ltr'><strong>Sed</strong></span> <span class='ocrx_word' id='word_1_178' title='bbox 2076 3409 2272 3462; x_wconf 43' lang='lat' dir='ltr'><strong>blande,</strong></span> <span class='ocrx_word' id='word_1_179' title='bbox 2303 3408 2389 3461; x_wconf 83' lang='lat' dir='ltr'><strong>cf.</strong></span> <span class='ocrx_word' id='word_1_180' title='bbox 2428 3407 2582 3461; x_wconf 79' lang='lat' dir='ltr'><strong>Asin.</strong></span> <span class='ocrx_word' id='word_1_181' title='bbox 2615 3411 2672 3474; x_wconf 89' lang='grc' dir='ltr'><strong>Ι,</strong></span> <span class='ocrx_word' id='word_1_182' title='bbox 2700 3405 2759 3474; x_wconf 73' lang='grc'><strong>3,</strong></span> 
     </span>
     <span class='ocr_line' id='line_1_28' title="bbox 608 3484 2762 3560; baseline 0 -18"><span class='ocrx_word' id='word_1_183' title='bbox 608 3488 901 3560; x_wconf 79' lang='lat' dir='ltr'><strong>opprobria</strong></span> <span class='ocrx_word' id='word_1_184' title='bbox 952 3484 1166 3551; x_wconf 72' lang='lat' dir='ltr'><strong>fundis,</strong></span> <span class='ocrx_word' id='word_1_185' title='bbox 1230 3488 1342 3541; x_wconf 77' lang='lat' dir='ltr'><strong>haee</strong></span> <span class='ocrx_word' id='word_1_186' title='bbox 1383 3489 1499 3558; x_wconf 72' lang='lat' dir='ltr'><strong>ipse</strong></span> <span class='ocrx_word' id='word_1_187' title='bbox 1543 3488 1642 3542; x_wconf 86' lang='lat' dir='ltr'>tibi</span> <span class='ocrx_word' id='word_1_188' title='bbox 1743 3487 2213 3558; x_wconf 44' lang='lat' dir='ltr'><strong>&amp;bn—Apud</strong></span> <span class='ocrx_word' id='word_1_189' title='bbox 2253 3507 2325 3540; x_wconf 83' lang='lat' dir='ltr'><strong>me</strong></span> <span class='ocrx_word' id='word_1_190' title='bbox 2364 3489 2598 3543; x_wconf 71' lang='lat' dir='ltr'><strong>haberem.</strong></span> <span class='ocrx_word' id='word_1_191' title='bbox 2649 3490 2762 3560; x_wconf 81' lang='lat' dir='ltr'><strong>Ego</strong></span> 
     </span>
     <span class='ocr_line' id='line_1_29' title="bbox 608 3567 2760 3640; baseline 0 -19"><span class='ocrx_word' id='word_1_192' title='bbox 608 3567 799 3640; x_wconf 73' lang='lat' dir='ltr'>objicis</span> <span class='ocrx_word' id='word_1_193' title='bbox 830 3578 1017 3618; x_wconf 77' lang='lat' dir='ltr'><strong>nostro</strong></span> <span class='ocrx_word' id='word_1_194' title='bbox 1047 3579 1100 3619; x_wconf 87' lang='lat' dir='ltr'><strong>et</strong></span> <span class='ocrx_word' id='word_1_195' title='bbox 1126 3581 1311 3620; x_wconf 82' lang='lat' dir='ltr'><strong>eorum</strong></span> <span class='ocrx_word' id='word_1_196' title='bbox 1342 3569 1578 3622; x_wconf 84' lang='lat' dir='ltr'><strong>nomine.</strong></span> <span class='ocrx_word' id='word_1_197' title='bbox 1738 3567 1867 3621; x_wconf 82' lang='lat' dir='ltr'><strong>huic</strong></span> <span class='ocrx_word' id='word_1_198' title='bbox 1922 3569 2098 3621; x_wconf 73' lang='lat' dir='ltr'><strong>versui</strong></span> <span class='ocrx_word' id='word_1_199' title='bbox 2155 3567 2548 3640; x_wconf 79' lang='lat' dir='ltr'><strong>subjiciendum</strong></span> <span class='ocrx_word' id='word_1_200' title='bbox 2609 3567 2760 3621; x_wconf 81' lang='lat' dir='ltr'><strong>illum</strong></span> 
     </span>
    </p>

    <p class='ocr_par' dir='ltr' id='par_1_19' title="bbox 616 3647 2760 3800">
     <span class='ocr_line' id='line_1_30' title="bbox 698 3647 2760 3718; baseline 0 -17"><span class='ocrx_word' id='word_1_201' title='bbox 698 3649 789 3702; x_wconf 83' lang='lat'><strong>58.</strong></span> <span class='ocrx_word' id='word_1_202' title='bbox 833 3649 935 3716; x_wconf 75' lang='lat' dir='ltr'><strong>Qui</strong></span> <span class='ocrx_word' id='word_1_203' title='bbox 970 3647 1173 3699; x_wconf 75' lang='lat' dir='ltr'><strong>alterum</strong></span> <span class='ocrx_word' id='word_1_204' title='bbox 1207 3651 1412 3702; x_wconf 70' lang='lat' dir='ltr'><strong>incusat.</strong></span> <span class='ocrx_word' id='word_1_205' title='bbox 1446 3648 1648 3702; x_wconf 72' lang='lat' dir='ltr'><strong>Similis</strong></span> <span class='ocrx_word' id='word_1_206' title='bbox 1737 3662 1898 3718; x_wconf 74' lang='lat' dir='ltr'><strong>putu,</strong></span> <span class='ocrx_word' id='word_1_207' title='bbox 1933 3649 2026 3718; x_wconf 88' lang='lat' dir='ltr'><strong>qui</strong></span> <span class='ocrx_word' id='word_1_208' title='bbox 2071 3667 2100 3700; x_wconf 79' lang='lat' dir='ltr'><strong>a</strong></span> <span class='ocrx_word' id='word_1_209' title='bbox 2137 3649 2407 3702; x_wconf 73' lang='lat' dir='ltr'><strong>prisciano</strong></span> <span class='ocrx_word' id='word_1_210' title='bbox 2455 3650 2654 3702; x_wconf 68' lang='lat' dir='ltr'><strong>citatur</strong></span> <span class='ocrx_word' id='word_1_211' title='bbox 2695 3662 2760 3702; x_wconf 78' lang='lat' dir='ltr'><strong>ex</strong></span> 
     </span>
     <span class='ocr_line' id='line_1_31' title="bbox 616 3725 2759 3800; baseline -0 -19"><span class='ocrx_word' id='word_1_212' title='bbox 616 3728 872 3781; x_wconf 82' lang='lat' dir='ltr'><strong>sententia</strong></span> <span class='ocrx_word' id='word_1_213' title='bbox 905 3725 1155 3781; x_wconf 80' lang='lat' dir='ltr'><strong>Pseudol.</strong></span> <span class='ocrx_word' id='word_1_214' title='bbox 1179 3729 1280 3794; x_wconf 83' lang='lat' dir='ltr'><strong>lv,</strong></span> <span class='ocrx_word' id='word_1_215' title='bbox 1308 3745 1363 3782; x_wconf 75' lang='lat'><strong>2.</strong></span> <span class='ocrx_word' id='word_1_216' title='bbox 1735 3727 1837 3781; x_wconf 85' lang='lat' dir='ltr'><strong>hac</strong></span> <span class='ocrx_word' id='word_1_217' title='bbox 1887 3727 2146 3780; x_wconf 82' lang='lat' dir='ltr'><strong>comoedia</strong></span> <span class='ocrx_word' id='word_1_218' title='bbox 2187 3749 2201 3780; x_wconf 75' lang='grc' dir='ltr'><strong><em>ε</em></strong></span> <span class='ocrx_word' id='word_1_219' title='bbox 2261 3751 2282 3772; x_wconf 69' lang='grc' dir='ltr'><strong>α</strong></span> <span class='ocrx_word' id='word_1_220' title='bbox 2317 3729 2461 3782; x_wconf 80' lang='lat' dir='ltr'><strong>Bona</strong></span> <span class='ocrx_word' id='word_1_221' title='bbox 2505 3727 2759 3800; x_wconf 81' lang='lat' dir='ltr'><strong>perdidi,</strong></span> 
     </span>
    </p>

    <p class='ocr_par' dir='ltr' id='par_1_20' title="bbox 698 3807 2758 3879">
     <span class='ocr_line' id='line_1_32' title="bbox 698 3807 2758 3879; baseline -0.001 -17"><span class='ocrx_word' id='word_1_222' title='bbox 698 3809 792 3876; x_wconf 85' lang='lat'><strong>59.</strong></span> <span class='ocrx_word' id='word_1_223' title='bbox 815 3809 893 3860; x_wconf 79' lang='lat' dir='ltr'><strong>Tu</strong></span> <span class='ocrx_word' id='word_1_224' title='bbox 912 3827 945 3858; x_wconf 82' lang='grc' dir='ltr'><strong><em>α</em></strong></span> <span class='ocrx_word' id='word_1_225' title='bbox 972 3808 1135 3866; x_wconf 74' lang='lat' dir='ltr'><strong>nobis,</strong></span> <span class='ocrx_word' id='word_1_226' title='bbox 1168 3822 1271 3863; x_wconf 82' lang='lat' dir='ltr'><strong>ete.</strong></span> <span class='ocrx_word' id='word_1_227' title='bbox 1294 3809 1411 3872; x_wconf 75' lang='lat' dir='ltr'><strong>Tu,</strong></span> <span class='ocrx_word' id='word_1_228' title='bbox 1440 3807 1535 3879; x_wconf 84' lang='lat' dir='ltr'><strong>qui</strong></span> <span class='ocrx_word' id='word_1_229' title='bbox 1566 3825 1646 3860; x_wconf 79' lang='lat' dir='ltr'><strong>sa·</strong></span> <span class='ocrx_word' id='word_1_230' title='bbox 1733 3809 1874 3868; x_wconf 73' lang='lat' dir='ltr'><strong>mala</strong></span> <span class='ocrx_word' id='word_1_231' title='bbox 1899 3808 2072 3879; x_wconf 80' lang='lat' dir='ltr'><strong>reperi</strong></span> <span class='ocrx_word' id='word_1_232' title='bbox 2095 3845 2112 3873; x_wconf 90' lang='lat'>,</span> <span class='ocrx_word' id='word_1_233' title='bbox 2153 3809 2321 3862; x_wconf 77' lang='lat' dir='ltr'><strong>factus</strong></span> <span class='ocrx_word' id='word_1_234' title='bbox 2344 3829 2458 3861; x_wconf 80' lang='lat' dir='ltr'><strong>sum</strong></span> <span class='ocrx_word' id='word_1_235' title='bbox 2483 3811 2704 3862; x_wconf 81' lang='lat' dir='ltr'><strong>extimus</strong></span> <span class='ocrx_word' id='word_1_236' title='bbox 2730 3829 2758 3860; x_wconf 85' lang='lat' dir='ltr'><strong>a</strong></span> 
     </span>
    </p>

    <p class='ocr_par' dir='ltr' id='par_1_21' title="bbox 580 3887 2759 4194">
     <span class='ocr_line' id='line_1_33' title="bbox 580 3887 2759 3960; baseline 0 -20"><span class='ocrx_word' id='word_1_237' title='bbox 580 3929 585 3935; x_wconf 96' lang='lat'>.</span> <span class='ocrx_word' id='word_1_238' title='bbox 611 3889 695 3960; x_wconf 86' lang='lat' dir='ltr'><strong>pis</strong></span> <span class='ocrx_word' id='word_1_239' title='bbox 746 3901 835 3940; x_wconf 82' lang='lat' dir='ltr'><strong>aut</strong></span> <span class='ocrx_word' id='word_1_240' title='bbox 886 3887 1179 3959; x_wconf 77' lang='lat' dir='ltr'><strong>sapientem</strong></span> <span class='ocrx_word' id='word_1_241' title='bbox 1230 3901 1283 3940; x_wconf 76' lang='lat' dir='ltr'><strong>te</strong></span> <span class='ocrx_word' id='word_1_242' title='bbox 1340 3887 1638 3946; x_wconf 77' lang='lat' dir='ltr'><strong>existimas,</strong></span> <span class='ocrx_word' id='word_1_243' title='bbox 1733 3891 1885 3942; x_wconf 84' lang='lat' dir='ltr'>vobis</span> <span class='ocrx_word' id='word_1_244' title='bbox 1917 3915 1964 3940; x_wconf 76' lang='grc' dir='ltr'><strong>ιι.</strong></span> <span class='ocrx_word' id='word_1_245' title='bbox 1992 3890 2220 3940; x_wconf 71' lang='lat' dir='ltr'><strong>Extimus</strong></span> <span class='ocrx_word' id='word_1_246' title='bbox 2237 3891 2306 3942; x_wconf 77' lang='lat' dir='ltr'><strong>ab</strong></span> <span class='ocrx_word' id='word_1_247' title='bbox 2330 3903 2476 3942; x_wconf 80' lang='lat' dir='ltr'><strong>extra</strong></span> <span class='ocrx_word' id='word_1_248' title='bbox 2494 3929 2508 3952; x_wconf 89' lang='lat'>,</span> <span class='ocrx_word' id='word_1_249' title='bbox 2537 3890 2642 3942; x_wconf 87' lang='lat' dir='ltr'><strong>hoc</strong></span> <span class='ocrx_word' id='word_1_250' title='bbox 2665 3901 2759 3952; x_wconf 74' lang='lat' dir='ltr'><strong>est,</strong></span> 
     </span>
     <span class='ocr_line' id='line_1_34' title="bbox 612 3967 2720 4041; baseline 0.001 -21"><span class='ocrx_word' id='word_1_251' title='bbox 612 3967 910 4041; x_wconf 83' lang='lat' dir='ltr'><strong>quidquam</strong></span> <span class='ocrx_word' id='word_1_252' title='bbox 968 3987 997 4021; x_wconf 81' lang='lat' dir='ltr'><strong>a</strong></span> <span class='ocrx_word' id='word_1_253' title='bbox 1045 3969 1203 4020; x_wconf 83' lang='lat' dir='ltr'>nobis</span> <span class='ocrx_word' id='word_1_254' title='bbox 1264 3969 1475 4022; x_wconf 81' lang='lat' dir='ltr'><strong>auferre</strong></span> <span class='ocrx_word' id='word_1_255' title='bbox 1523 3987 1636 4020; x_wconf 86' lang='lat' dir='ltr'><strong>non</strong></span> <span class='ocrx_word' id='word_1_256' title='bbox 1732 3969 2102 4030; x_wconf 57' lang='lat' dir='ltr'><strong>alienissimum</strong></span> <span class='ocrx_word' id='word_1_257' title='bbox 2145 3969 2554 4022; x_wconf 71' lang='lat' dir='ltr'><strong>exclusissimus.</strong></span> <span class='ocrx_word' id='word_1_258' title='bbox 2580 3971 2720 4022; x_wconf 70' lang='lat' dir='ltr'><strong>Ursa.</strong></span> 
     </span>
     <span class='ocr_line' id='line_1_35' title="bbox 608 4047 2758 4120; baseline -0.001 -18"><span class='ocrx_word' id='word_1_259' title='bbox 608 4049 781 4113; x_wconf 79' lang='lat' dir='ltr'><strong>scisti;</strong></span> <span class='ocrx_word' id='word_1_260' title='bbox 825 4067 960 4113; x_wconf 75' lang='lat' dir='ltr'>nos„</span> <span class='ocrx_word' id='word_1_261' title='bbox 1006 4067 1237 4118; x_wconf 80' lang='lat' dir='ltr'><strong>nequam</strong></span> <span class='ocrx_word' id='word_1_262' title='bbox 1294 4067 1431 4120; x_wconf 84' lang='lat' dir='ltr'><strong>quos</strong></span> <span class='ocrx_word' id='word_1_263' title='bbox 1474 4047 1638 4116; x_wconf 71' lang='lat' dir='ltr'><strong>dicio,</strong></span> <span class='ocrx_word' id='word_1_264' title='bbox 1806 4052 1898 4102; x_wconf 78' lang='lat'><strong>62.</strong></span> <span class='ocrx_word' id='word_1_265' title='bbox 1948 4050 2084 4102; x_wconf 81' lang='lat' dir='ltr'><strong>Dum</strong></span> <span class='ocrx_word' id='word_1_266' title='bbox 2126 4049 2288 4103; x_wconf 59' lang='lat' dir='ltr'><strong>f‘vioit.</strong></span> <span class='ocrx_word' id='word_1_267' title='bbox 2347 4049 2549 4102; x_wconf 72' lang='lat' dir='ltr'><strong>Similis</strong></span> <span class='ocrx_word' id='word_1_268' title='bbox 2613 4050 2758 4102; x_wconf 74' lang='lat' dir='ltr'><strong>locus</strong></span> 
     </span>
     <span class='ocr_line' id='line_1_36' title="bbox 606 4127 2094 4194; baseline -0.001 -11"><span class='ocrx_word' id='word_1_269' title='bbox 606 4129 857 4184; x_wconf 79' lang='lat' dir='ltr'><strong>scivimus</strong></span> <span class='ocrx_word' id='word_1_270' title='bbox 886 4146 919 4180; x_wconf 76' lang='lat' dir='ltr'><strong>a</strong></span> <span class='ocrx_word' id='word_1_271' title='bbox 949 4140 1019 4179; x_wconf 83' lang='lat' dir='ltr'><strong>te.</strong></span> <span class='ocrx_word' id='word_1_272' title='bbox 1050 4128 1118 4180; x_wconf 85' lang='lat' dir='ltr'><strong>N.</strong></span> <span class='ocrx_word' id='word_1_273' title='bbox 1723 4127 1918 4184; x_wconf 72' lang='lat' dir='ltr'><strong>Pseud.</strong></span> <span class='ocrx_word' id='word_1_274' title='bbox 1940 4131 2004 4194; x_wconf 83' lang='lat'><strong>1,</strong></span> <span class='ocrx_word' id='word_1_275' title='bbox 2039 4129 2094 4182; x_wconf 83' lang='grc'><strong>3.</strong></span> 
     </span>
    </p>

    <p class='ocr_par' dir='ltr' id='par_1_22' title="bbox 596 4203 2600 4279">
     <span class='ocr_line' id='line_1_37' title="bbox 596 4203 2600 4279; baseline 0.001 -16"><span class='ocrx_word' id='word_1_276' title='bbox 596 4203 599 4214; x_wconf 66' lang='grc'><em>’</em></span> <span class='ocrx_word' id='word_1_277' title='bbox 686 4214 779 4263; x_wconf 86' lang='grc'><strong>60.</strong></span> <span class='ocrx_word' id='word_1_278' title='bbox 810 4207 1095 4278; x_wconf 80' lang='lat' dir='ltr'><strong>Adpellare,</strong></span> <span class='ocrx_word' id='word_1_279' title='bbox 1131 4225 1217 4260; x_wconf 80' lang='lat' dir='ltr'><strong>me</strong></span> <span class='ocrx_word' id='word_1_280' title='bbox 1236 4209 1454 4279; x_wconf 78' lang='lat' dir='ltr'><strong>all-oqui.</strong></span> <span class='ocrx_word' id='word_1_281' title='bbox 1815 4212 1909 4273; x_wconf 74' lang='lat'><strong>64.</strong></span> <span class='ocrx_word' id='word_1_282' title='bbox 1943 4209 2160 4264; x_wconf 75' lang='lat' dir='ltr'><strong>Amabo.</strong></span> <span class='ocrx_word' id='word_1_283' title='bbox 2189 4210 2308 4263; x_wconf 73' lang='lat' dir='ltr'><strong>Cas.</strong></span> <span class='ocrx_word' id='word_1_284' title='bbox 2337 4209 2401 4274; x_wconf 86' lang='lat' dir='ltr'><strong>I,</strong></span> <span class='ocrx_word' id='word_1_285' title='bbox 2433 4227 2484 4275; x_wconf 72' lang='grc' dir='ltr'><strong>ι,</strong></span> <span class='ocrx_word' id='word_1_286' title='bbox 2511 4215 2600 4279; x_wconf 70' lang='grc'><strong>49·</strong></span> 
     </span>
    </p>
   </div>
   <div class='ocr_carea' id='block_1_3' title="bbox 3001 0 3009 1096">
    <p class='ocr_par' dir='ltr' id='par_1_23' title="bbox 3001 0 3009 1096">
     <span class='ocr_line' id='line_1_38' title="bbox 3001 0 3009 1096; baseline 0 0"><span class='ocrx_word' id='word_1_287' title='bbox 3001 0 3009 1096; x_wconf 95' lang='lat' dir='ltr'><strong> </strong></span> 
     </span>
    </p>
   </div>
   <div class='ocr_carea' id='block_1_4' title="bbox 2993 1597 3015 4962">
    <p class='ocr_par' dir='ltr' id='par_1_24' title="bbox 2993 1597 3015 4962">
     <span class='ocr_line' id='line_1_39' title="bbox 2993 1597 3015 4962; baseline 0 0"><span class='ocrx_word' id='word_1_288' title='bbox 2993 1597 3015 4962; x_wconf 95' lang='lat' dir='ltr'><strong> </strong></span> 
     </span>
    </p>
   </div>
  </div>
 </body>
</html>
