3067 5017
828 493 1165 562 ACTUS
1215 493 1287 575 1,'·
1338 487 1776 558 SCENAI.
2229 478 2369 566 453

229 614 505 682 Referre
546 613 793 682 habere
816 669 834 702 ‚
872 617 997 684 nisi
1037 641 1160 709 pro
1196 611 1475 696 tabulis,
1514 611 1772 694 nescio,
1861 643 1869 652 ·

229 724 367 794 Ubi
408 749 537 792 aera
576 726 1081 818 perscribantur
1118 725 1466 795 usuraria:

228 835 542 928 Adcipiat
579 833 779 903 inlico
817 861 1139 931 expensa,
1184 860 1403 929 neque
1445 847 1732 902 censeat.

227 937 624 1014 Postremo
608 972 674 1013 ln
714 972 957 1041 magno
999 946 1289 1042 popul0‚
1328 946 1397 1012 in
1441 941 1671 1010 multis
1711 938 2125 1022 liominibuS‚
2183 1001 2199 1018 ,
2321 961 2375 1001 ιε

230 1061 329 1125 Re
367 1055 627 1150 placida
662 1071 861 1150 atque
907 1059 1158 1152 otiosa,
1198 1057 1391 1126 victis
1434 1053 1777 1136 hostibuS‚

231 1168 476 1233 Amare
514 1181 781 1260 oportet
810 1168 1067 1237 omneis
1090 1220 1108 1250 .,
1144 1168 1261 1260 qui
1302 1164 1482 1259 quod
1524 1163 1723 1247 dent,
1763 1161 2035 1230 habent.

228 1279 403 1347 Nam
441 1278 608 1345 mihi
646 1277 787 1346 haec
824 1280 1180 1365 meretrix,
1220 1303 1369 1370 quae
1401 1276 1554 1344 heic
1592 1275 1829 1354 habet,
1859 1271 2330 1356 Phronesium,

232 1391 436 1456 Suom
469 1412 714 1455 nomen
754 1413 955 1456 omne
990 1415 1069 1456 ex
1111 1403 1382 1482 pectore
1426 1386 1677 1454 emovit
1711 1409 1861 1452 meo
1886 1438 1904 1471 ‚

230 1495 714 1583 Phronesium3
760 1522 917 1564 nam
964 1499 1319 1592 phronesis
1362 1511 1461 1564 est
1494 1495 1842 1590 sapientia.
2340 1510 2396 1550 6ο

230 1608 405 1674 Nam
444 1631 553 1673 me
588 1605 790 1674 fuisse
827 1608 986 1676 huic
1018 1608 1232 1676 fateor
1270 1632 1606 1676 summum
1646 1620 1847 1698 atque
1887 1604 2238 1689 intimum,

231 1715 435 1805 Quod
470 1718 754 1785 amantis
790 1716 1004 1786 multo
1045 1743 1431 1812 pessumum
1449 1715 1530 1784 'st
1579 1716 1896 1810 pecuniae.
1937 1745 1939 1748 ⁴

228 1824 511 1907 Eadem,
546 1841 897 1919 postquam
940 1825 1145 1895 alium
1188 1829 1480 1921 reperit‚‘
1506 1828 1622 1920 qui
1667 1825 1816 1920 plus
1855 1826 2072 1912 daret,

230 1937 784 2023 Damnosiorem,
826 1962 934 2005 me
970 1938 1211 2005 exinde
1257 1937 1509 2035 amovit
1559 1936 1751 2024 loco,

233 2049 456 2137 Quem
498 2046 815 2115 infestum
848 2071 924 2115 ac
958 2047 1265 2115 odiosum
1302 2046 1429 2116 sibi
1468 2073 1609 2116 esse
1644 2047 2065 2115 memorabat
2099 2002 2311 2132 mala,
2337 2063 2390 2105 6⁵

230 2155 789 2250 Babyloniensem
838 2156 1167 2226 militem·
1216 2158 1271 2224 is
1316 2183 1500 2226 nunc
1546 2157 1793 2224 dicitur

232 2271 581 2336 Venturus
620 2292 929 2360 peregre,
970 2293 1050 2336 eo
1094 2292 1277 2335 nunc
1316 2283 1672 2335 conmenta
1692 2265 1775 2335 ’st
1820 2264 2081 2354 dolum,

232 2378 577 2469 Peperisse
610 2375 877 2444 simulat
913 2393 1084 2461 sese,
1130 2393 1207 2445 ut
1240 2403 1347 2444 me
1380 2377 1696 2445 extrudat
1734 2377 1948 2463 foi-215,¹

233 2489 455 2579 Atque
493 2501 570 2553 ut
606 2511 757 2554 cum
800 2484 940 2553 solo
980 2503 1424 2582 pergraecetur
1462 2486 1717 2555 milite:
2133 2561 2136 2568 ,

240 2599 410 2663 Eum
454 2621 595 2663 esse
634 2594 903 2663 simulat
941 2596 1226 2665 militem
1275 2622 1485 2690 puero
1532 2612 1815 2690 patrem.
2341 2633 2391 2687 1⁰

234 2705 423 2794 Quid
460 2706 569 2772 isti
607 2705 1030 2799 subpositum
1074 2732 1360 2801 puerum
1398 2732 1570 2800 opus
1609 2707 1972 2800 pessumae?

233 2815 411 2882 Mihi
448 2815 648 2882 verba
696 2830 880 2882 retur
918 2816 1077 2884 dare
1126 2817 1315 2885 sese?
1352 2842 1439 2884 an
1480 2843 1586 2886 me
1621 2819 1884 2886 censuit

238 2924 475 2994 Celare
508 2951 578 2994 se
617 2941 916 3020 potesse,
956 2927 1227 3022 gravida
1269 2929 1323 2996 si
1362 2927 1581 2996 foret?

233 3041 409 3108 Nam
450 3062 574 3132 ego
610 3041 866 3106 Lemno
901 3039 1183 3108 advenio
1230 3039 1529 3108 Athenas
1567 3038 1814 3108 nudius
1846 3041 2122 3127 tertium,

236 3203 364 3254 bere
419 3190 547 3268 (se),
590 3213 759 3266 stare,
811 3203 869 3254 in
916 3202 1261 3274 argentariis,
1434 3205 1521 3255 60.
1559 3203 1837 3265 phronesis,
1865 3215 1966 3254 etc.
1996 3203 2119 3255 Olet
2141 3203 2412 3275 glossam.⁴

236 3283 341 3333 nisi
371 3300 469 3352 pro
497 3281 687 3333 tabulis
716 3283 853 3346 sint,
872 3284 926 3334 in
954 3284 1151 3354 quibus
1170 3301 1262 3334 ex·
1438 3283 1530 3335 65.
1557 3283 1884 3348 Memorabat,
1903 3282 2387 3350 dicebat..-.Mala,

240 3379 464 3431 pensum
507 3360 746 3425 feratur,
795 3381 970 3433 neque
1016 3375 1263 3427 censeat,
1351 3375 1584 3416 versuta.

237 3440 507 3492 examinet
530 3440 855 3508 argentarius
880 3468 927 3493 n.
956 3443 1021 3494 N.
1438 3445 1528 3494 66.
1586 3441 1992 3513 Babyloniensem
2031 3444 2130 3495 mil.
2196 3445 2387 3498 Oratio

327 3520 418 3572 56.
442 3521 511 3570 Re
524 3519 741 3587 placida,
760 3533 858 3572 etc.
886 3521 1100 3574 Scilicet
1127 3522 1267 3574 hanc
1308 3529 1319 3544 ⁸
1357 3523 1742 3592 componitur:
1779 3522 2067 3593 Postquam
2100 3525 2264 3577 alium
2295 3524 2388 3578 da-

242 3600 475 3652 fabulam
504 3597 765 3650 debellata
794 3598 1012 3652 demum
1044 3603 1267 3654 Cartha·
1361 3603 1712 3666 mnosiorem,
1743 3603 1837 3671 qui
1864 3602 1986 3672 plus
2013 3602 2191 3667 daret,
2219 3623 2382 3675 quem

247 3680 370 3750 gine
393 3677 637 3730 docebat.
661 3678 729 3730 N.
1359 3683 1535 3752 primo
1595 3681 1966 3751 importunum
2015 3695 2076 3735 'et
2139 3684 2390 3737 odios'unf

329 3758 437 3830 57..
460 3759 645 3809 Amare
678 3770 896 3827 oportet,
940 3771 1043 3813 etc.
1072 3761 1273 3812 Auctor
1362 3762 1463 3814 sibi
1499 3759 1740 3825 dicebat,
1779 3761 2221 3830 Babyloniensem
2249 3765 2388 3818 miti-

246 3838 492 3909 elegiaein
509 3837 714 3888 obitum
732 3837 1270 3907 MaecenatiS‚93-95:
1362 3853 1466 3892 tem
1484 3879 1499 3904 ,
1538 3840 1770 3910 reperit,
1819 3840 2014 3894 exinde
2056 3861 2144 3895 me
2183 3845 2388 3898 amovit

248 3943 269 3963 α
294 3921 379 3972 Sic
401 3931 503 3980 θεῖς
524 3917 695 3968 victor
718 3932 855 3971 amet
874 3958 888 3980 ,
908 3919 1079 3973 victor
1103 3920 1271 3989 potia·
1356 3921 1492 3971 loco.
1516 3920 1584 3970 N.

244 4013 334 4050 tur
361 4000 415 4050 in
444 3999 631 4049 umbra
648 4036 663 4060 ‚
687 3998 879 4050 Victor
905 3997 1124 4050 odorata
1146 3997 1271 4050 dor·
1442 4004 1532 4068 67.
1565 3999 1643 4050 Eo
1663 4040 1677 4061 ,
1709 3998 1851 4051 ideo.

250 4079 376 4130 miat
400 4079 561 4148 inque
582 4079 921 4130 rosa.Victus
935 4091 1061 4142 aret,
1082 4079 1271 4130 victus·
1444 4095 1538 4148 7¹·
1571 4079 1710 4146 Quid
1739 4081 1851 4140 isti,
1879 4092 1976 4133 etc.
2006 4079 2069 4133 Id
2094 4096 2204 4146 est,
2255 4083 2388 4156 quid

247 4177 359 4229 que
388 4170 615 4211 metam.
646 4158 713 4209 N.
1363 4157 1448 4209 isti
1488 4158 1730 4227 pessimae
1777 4177 1948 4228 puero
1990 4164 2264 4233 supposito
2309 4177 2389 4222 est

336 4237 427 4292 58.
452 4238 553 4289 Hic
572 4237 743 4301 habet,
769 4238 805 4291 i.
827 4255 876 4292 e.
897 4237 1117 4292 habitat.
1357 4255 1493 4310 opus
1514 4241 1538 4288 P
1560 4238 1788 4293 Tuan.
