3067 5017
644 436 787 525 564
1220 424 1223 427 ’
1403 439 2024 531 QUEROLUS‚

634 564 796 632 vidi.
838 586 1120 634 MANDR.
1169 564 1262 633 Di
1305 577 1371 632 te
1405 578 1672 634 servent
1722 566 1835 636 hic
1870 566 2063 636 bene.
2113 592 2320 639 sum.
2365 575 2456 641 Et
2492 599 2616 643 nos
2659 575 2787 669 ipsi

632 673 838 743 funus
866 673 1033 743 illud
1056 674 1285 743 nescio
1312 700 1448 768 quo
1478 675 1881 745 ferebamus,
1925 702 2205 749 Mamm.
2247 681 2544 773 Optime.
2577 708 2782 755 sARD.

629 787 853 855 Etiam
883 786 1155 879 insuper
1174 784 1577 855 deflebamus
1601 786 1993 856 defunctum
2022 787 2212 857 illum
2229 844 2247 877 ‚
2268 794 2458 885 quasi
2485 792 2786 865 alienum

630 912 876 965 tamen.
906 919 1185 965 MANDR.
1210 894 1552 965 Audin’·tu
1580 896 1760 966 istaec
1779 896 2014 984 ‚stulte
2028 898 2279 969 homo?
2303 900 2492 970 Talia
2521 921 2787 997 egomet

629 1008 831 1077 etiam
859 1006 1213 1076 manifesta
1256 1004 1473 1095 ma10‚
1511 1032 1721 1103 quam
1761 1022 1877 1076 tua
1914 1010 2197 1077 somnia.
2237 1012 2470 1079 Funus
2507 1014 2592 1082 ad
2624 1012 2786 1084 laeti-

626 1118 787 1187 tiam
825 1130 1079 1211 spectat
1117 1142 1133 1185 z
1173 1114 1461 1185 lacrimae
1505 1117 1590 1186 ad
1629 1118 1842 1186 risum
1891 1119 2258 1211 pertinent.
2299 1125 2388 1191 Et
2435 1140 2780 1195 mortuum

627 1212 753 1297 nos
816 1226 1225 1314 ferebamus,
1262 1225 1694 1295 manifestum
1763 1242 1864 1296 est
1935 1227 2283 1323 gaudium.
2347 1235 2497 1328 Ego
2556 1252 2781 1306 autem

628 1362 855 1406 meum
889 1337 1078 1406 vobis
1104 1335 1397 1423 narrabo
1436 1336 1779 1405 somnium
1820 1362 2098 1431 prorsus
2133 1341 2778 1416 manifestissimum.

620 1448 910 1517 Dicebat
960 1446 1186 1515 nescio
1237 1446 1389 1540 quis
1432 1447 1797 1515 somnianti
1849 1462 2050 1517 nocte
2109 1449 2239 1520 hac
2303 1453 2472 1520 mihi
2531 1459 2783 1526 servari

622 1559 976 1628 manifesta
1008 1556 1141 1626 fide
1160 1610 1179 1644 ‚
1204 1582 1329 1626 nec
1359 1558 1677 1652 cuiquam
1715 1556 1909 1627 alteri
1937 1584 2332 1631 concessum
2360 1588 2502 1633 esse
2540 1590 2782 1637 aurum

624 1668 792 1739 illud
829 1668 1127 1737 invenire
1164 1667 1295 1736 nisi
1333 1668 1522 1737 mihi.
1573 1668 1708 1737 Sed
1743 1668 2022 1763 insuper
2062 1668 2306 1765 adjecit
2344 1698 2426 1741 ex
2465 1675 2611 1743 istis
2643 1678 2782 1771 opi-

624 1782 753 1851 bus
808 1781 938 1850 hoc
985 1778 1456 1848 tantummodo
1493 1779 1664 1846 mihi
1707 1778 2142 1874 profuturum
2165 1834 2185 1868 ‚
2241 1783 2424 1877 quod
2469 1810 2781 1859 consum.

623 1893 813 1961 sisset
855 1889 1033 1986 gula.
1066 1914 1217 1961 syc.
1244 1890 1562 1982 Optime,
1599 1887 1874 1983 edepol,
1918 1893 2288 1962 somniasti.
2328 1894 2518 1986 Quid
2556 1913 2781 1967 autem

627 2001 811 2072 aliud
865 2001 1225 2096 quaerimus
1250 2053 1271 2085 ‚
1333 2001 1464 2069 nisi
1516 2014 1782 2069 tantum
1845 2000 2027 2095 quod
2085 2001 2377 2073 sufficiat
2437 2009 2662 2077 ventri
2717 2024 2782 2079 et

627 2113 849 2211 gulae?
884 2136 1087 2182 suu).
1116 2109 1381 2198 Pulcre‚
1422 2108 1687 2205 edepol,
1724 2112 2094 2181 somniasti.
2133 2113 2418 2184 Felicem
2461 2130 2557 2198 te,
2579 2120 2779 2187 Man-

627 2226 995 2319 drogeruS,
1028 2246 1286 2316 nosque
1322 2222 1441 2315 qui
1479 2238 1701 2291 tecum
1740 2247 1996 2292 sumus.
2027 2246 2305 2295 MANDR.
2339 2226 2472 2296 Sed
2506 2227 2674 2297 heus
2707 2244 2781 2299 tu

628 2334 1053 2429 Sycophanta
1083 2347 1338 2417 noster,
1354 2333 1485 2401 nisi
1516 2356 1625 2401 me
1651 2330 1824 2401 fallit
1849 2332 2146 2419 traditio,
2169 2334 2309 2427 jam
2330 2340 2779 2430 pervenimus

626 2466 832 2515 suu).
884 2450 1040 2537 Ipsa
1076 2458 1177 2513 est
1215 2441 1473 2537 platea,
1522 2467 1728 2537 quam
1780 2444 2084 2537 requiris.
2146 2469 2288 2515 sm.
2343 2451 2641 2517 Recurre
2695 2450 2781 2519 ad

510 2586 517 2593 ·
628 2553 977 2625 aediculam
1010 2554 1167 2623 cito.
1206 2576 1491 2623 MANDR.
1552 2550 1887 2621 Sacellum
1927 2552 1996 2620 in
2034 2569 2224 2647 parte
2259 2559 2644 2651 argentaria
2702 2586 2782 2629 ex

630 2666 915 2735 diverso.
982 2688 1127 2734 syc.
1202 2666 1590 2755 Utrumque
1643 2661 1738 2730 sic
1785 2675 1906 2731 est.
1978 2687 2261 2734 MANDR.
2317 2668 2617 2735 Ventum
2661 2684 2777 2738 est.

628 2800 832 2847 snm.
878 2774 1070 2864 Quid
1106 2774 1476 2867 praeterea?
1510 2796 1799 2842 Mamm.
1829 2775 2094 2842 Domus
2131 2774 2407 2845 excelsa.
2448 2801 2596 2847 syc.
2636 2781 2782 2872 Ap-

627 2902 841 2981 paret.
900 2908 1179 2955 MANDR.
1236 2882 1499 2977 Iliginis
1551 2883 1831 2953 foribus.
1875 2908 2078 2955 suin.
2125 2890 2278 2979 Ipsa
2321 2902 2440 2957 est.
2495 2912 2778 2959 MANDR.

628 3002 819 3069 Attat
844 3020 1048 3091 quam
1074 2993 1362 3093 humiles
1385 2995 1500 3064 hic
1523 2994 1850 3063 fenestras
1880 2994 2096 3064 vide0.
2138 2998 2327 3091 Euge
2343 3051 2364 3085 ‚
2383 2996 2496 3066 hic
2532 2998 2802 3069 frustra*

633 3106 1043 3178 clauduntur
1085 3103 1305 3175 fores:
1372 3119 1517 3174 tum
1558 3121 1841 3199 praetera
1883 3106 2171 3175 inermes
2205 3123 2551 3203 quantum
2607 3110 2782 3179 inter

633 3242 775 3287 sese
798 3217 1050 3285 distant
1079 3213 1345 3310 regulae.
1378 3206 1654 3303 Secura,
1677 3214 1924 3303 hercle,
1953 3217 2138 3311 regio
2156 3218 2266 3286 hic
2285 3219 2474 3307 mihi,
2501 3235 2567 3288 et
2602 3220 2782 3290 fures

628 3327 724 3397 nil
749 3341 1019 3396 nocent.
1062 3325 1196 3395 Sed
1236 3327 1518 3395 interius
1554 3328 1723 3395 mihi
1750 3351 1992 3395 aurum
2025 3327 2182 3397 olet.
2206 3328 2366 3398 Alia·
2383 3331 2782 3401 tentandum

628 3454 727 3509 est
752 3439 880 3508 via.
918 3437 1086 3505 Heia
1114 3462 1322 3525 nunc,
1339 3437 1766 3531 Sycophanta
1797 3452 2043 3525 noster,
2073 3453 2280 3532 tuque
2301 3440 2781 3534 Sardanapalo,

630 3552 684 3619 si
724 3548 890 3644 quid
927 3548 1118 3617 vobis
1158 3548 1459 3641 ingenii,
1508 3546 1843 3615 comitatis
1880 3562 1946 3615 et
1996 3548 2293 3634 virtutis,
2342 3574 2522 3618 nunc
2559 3564 2780 3619 totum

630 3659 962 3731 ostendite
994 3686 1009 3727 :
1044 3683 1171 3752 ego
1211 3672 1533 3751 tanquam
1590 3657 1881 3750 Cynicus
1921 3660 2241 3753 magister
2276 3660 2544 3727 inventa
2581 3675 2649 3729 et
2683 3662 2782 3729 in-

633 3770 817 3840 clusa
852 3767 1045 3839 trado
1074 3766 1341 3863 gaudia.
1376 3767 1573 3835 Retia
1609 3783 1869 3837 vosmet
1900 3768 2237 3852 obsidete,
2263 3769 2424 3837 dum
2456 3795 2782 3862 percurro

630 3880 897 3951 cubilia.
930 3882 1077 3949 Jam
1119 3879 1346 3949 omnia
1382 3878 1621 3947 tenetis
1654 3880 1914 3964 animo,
1953 3905 2103 3972 quae
2133 3880 2272 3973 jam
2320 3879 2574 3949 dudum
2615 3880 2778 3951 dixi-

630 4017 820 4077 mm,
874 4014 1159 4084 quaeque
1204 3988 1442 4058 exinde
1489 3988 1893 4058 meditamur
1937 4004 2136 4059 nocte
2176 4016 2255 4060 ac
2296 3990 2444 4059 die?
2481 4016 2628 4061 SYC.
2673 3994 2780 4061 De

630 4100 801 4171 atrio
832 4099 1165 4193 porticus,
1198 4099 1269 4166 in
1309 4112 1491 4169 recte
1520 4100 1844 4167 rationem
1881 4115 2087 4169 teneS.
2128 4125 2334 4171 SARD.
2365 4106 2447 4171 In
2485 4089 2782 4171 sacrario

624 4214 753 4283 tria
808 4207 1043 4303 sigilla.
1106 4233 1387 4283 MANDR.
1460 4211 1817 4281 Convenit.
1889 4235 2039 4283 sYc.
2114 4211 2326 4283 Arula
2367 4215 2469 4282 ·in
2524 4214 2778 4284 medio.
