3067 5017
483 475 623 568 372
1166 457 1175 507 ·'
1259 473 1872 554 TRINUMUs,

477 623 679 668 CALL.
705 601 864 682 Est,
890 611 1091 688 atque
1138 621 1277 664 non
1306 610 1443 681 est,
1480 597 1650 663 mihi
1681 597 1751 664 in
1791 621 2038 684 manu,
2073 601 2550 693 Megaronides
2573 629 2594 672 τ

469 709 657 797 Quin
696 707 955 793 dicant,
994 729 1131 774 non
1164 722 1293 791 est;
1341 706 1584 773 merito
1622 721 1698 773 ut
1740 731 1826 773 ne
1863 706 2131 793 dicant,
2169 708 2240 775 id
2275 725 2397 778 est.

469 821 646 890 mie.
678 819 919 886 Fuitne
956 817 1067 884 hic
1104 817 1228 884 tibi
1265 815 1519 884 amicus
1536 816 1982 886 Charmides?
2009 842 2207 887 CALL.
2225 823 2367 910 Est,
2385 837 2452 889 et
2477 821 2630 891 fuit.

470 929 555 1000 Id
599 930 692 997 ita
730 953 870 996 esse
908 942 982 995 ut
1018 925 1288 1013 credaS‚
1324 951 1466 993 rem
1504 927 1632 994 tibi
1671 941 2014 995 auctorem
2055 928 2249 999 dabo.
2581 963 2640 1002 το

464 1043 643 1111 Nam
688 1055 1041 1134 postquam
1078 1039 1189 1106 hic
1232 1037 1381 1130 ejus
1413 1063 1556 1105 rem
1599 1037 1938 1133 confregit
1971 1036 2190 1122 filius,

466 1151 803 1245 Videtque
836 1152 977 1244 ipse
1013 1149 1099 1218 ad
1144 1163 1610 1242 paupertatem
1657 1163 2075 1240 protractum
2111 1175 2255 1218 esse
2301 1177 2403 1235 se,

469 1264 810 1354 Suamque
849 1258 1057 1328 filiam
1092 1282 1235 1326 esse
1275 1256 1579 1326 adultam
1623 1259 1996 1351 virginem,

470 1366 684 1439 Simul
729 1370 873 1462 ejus
910 1383 1229 1454 matrem,
1267 1393 1592 1461 suamque
1641 1393 1918 1436 uxorem
1961 1386 2333 1459 mortuam3

466 1481 810 1568 Quoniam
854 1480 1013 1548 hinc
1054 1481 1273 1547 iturus
1308 1493 1405 1546 est
1442 1479 1586 1572 ipse
1629 1480 1697 1547 in
1748 1479 2156 1568 Seleuciam,

465 1591 645 1658 Mihi
690 1589 1161 1658 conmendavit
1199 1589 1535 1682 virginem
1579 1605 1855 1683 gnatam
1903 1615 2138 1679 suam,

466 1705 556 1770 Et
593 1726 736 1769 rem
776 1724 967 1768 suam
1008 1724 1311 1782 omnem,
1346 1714 1414 1767 et
1457 1699 1651 1768 illum
1691 1716 2100 1795 conruptum
2137 1703 2379 1772 filium.

468 1816 661 1898 Haec‚
690 1813 742 1879 si
784 1809 950 1877 mihi
987 1811 1300 1878 inimicus
1334 1825 1544 1897 esset,
1575 1810 1775 1879 credo
1797 1863 1818 1898 ‚
1848 1810 2034 1879 haud
2071 1814 2393 1883 crederet.

471 1947 651 1994 Mne.
689 1920 875 2011 Quid
910 1935 984 1988 tu
1018 1918 1547 2006 adulescentem,
1575 1946 1778 2015 quem
1812 1945 1956 1990 esse
1987 1940 2395 2017 conruptum
2422 1924 2629 2009 videS‚

472 2036 612 2122 Qui
650 2047 781 2100 tuae
823 2030 1179 2099 mandatus
1220 2047 1322 2098 est
1360 2030 1518 2100 fidei
1555 2047 1622 2100 et
1661 2031 1964 2115 fiduciae,
2581 2060 2636 2098 a.

470 2143 663 2233 Quin
702 2165 857 2209 eum
896 2138 1227 2208 restituis?
1266 2140 1432 2233 quin
1476 2141 1564 2208 ad
1602 2139 1864 2236 frugem
1902 2143 2249 2236 conrigis?

471 2256 553 2325 Ei
601 2253 696 2320 rei
734 2276 1008 2344 operam
1048 2250 1205 2320 dare
1244 2266 1309 2320 te
1348 2251 1566 2320 fuerat
1609 2251 1960 2345 aliquanto
1997 2256 2289 2348 aequiuS‚

475 2363 547 2432 Si
592 2361 709 2456 qui*
744 2361 1132 2455 probiorem
1172 2361 1393 2429 facere
1426 2361 1680 2454 po'ssi'5‚
1721 2388 1859 2430 non
1900 2365 1999 2432 uti

474 2476 557 2543 In
599 2470 905 2540 eamdem
945 2486 1090 2539 tute
1124 2470 1483 2541 adcederes
1518 2472 1864 2542 infamiam
1888 2527 1906 2558 ‚

467 2581 863 2674 Malumque
908 2583 1167 2674 utejus
1211 2607 1366 2650 cum
1404 2595 1522 2650 tuo
1565 2583 1872 2651 misceres
1910 2585 2106 2654 malo.
2581 2611 2633 2649 ss

473 2717 673 2764 CALL.
724 2692 913 2780 Quid
948 2691 1118 2759 feci?
1163 2717 1337 2763 MEG.
1386 2690 1595 2779 Quod
1639 2691 1846 2760 homo
1882 2719 2193 2788 nequam.
2231 2720 2429 2765 CALL.
2475 2702 2628 2768 Non

682 2798 686 2802 ’
765 2801 938 2868 istuc
976 2800 1320 2868 meum'st.

470 2937 646 2982 Meo.
690 2909 994 2980 Emistin’
1030 2910 1111 2978 de
1148 2909 1578 2981 adulescente
1611 2914 1732 2982 has
1763 2914 2010 2983 aedeis?
2045 2918 2210 3009 quid
2249 2921 2480 2988 taces?

467 3025 607 3096 Ubi
646 3047 827 3091 nunc
855 3034 998 3089 tute
1029 3021 1314 3090 habitaS.
1346 3046 1550 3092 cam..
1580 3026 1772 3108 Emi,
1803 3025 2010 3119 atque
2037 3043 2390 3120 argentum
2432 3029 2584 3097 dedi
2604 3083 2623 3114 ‚

557 3207 651 3258 68.
690 3205 824 3272 Quin
849 3203 1045 3267 dicant,
1078 3216 1185 3255 etc.
1226 3202 1395 3266 Quasi
1422 3201 1509 3255 di·
1686 3225 1777 3274 7²·
1808 3207 1946 3275 Ipse.
1975 3207 2310 3263 Charmidea.

473 3299 557 3340 cat
580 3304 593 3337 :
622 3285 697 3336 Ut
716 3283 849 3335 mihi
872 3301 940 3334 ne
964 3282 1102 3334 male
1130 3281 1310 3334 dicant
1334 3283 1509 3336 homi·
1681 3287 1777 3353 75.
1817 3286 1982 3337 Itur-us
2011 3289 2061 3338 in
2086 3286 2380 3351 Seleuciam,
2431 3290 2630 3347 scilicet

475 3385 589 3428 nes,
607 3363 901 3435 prohibere
929 3381 1040 3412 non
1062 3380 1278 3430 possum
1296 3380 1313 3427 3
1333 3381 1507 3434 neque
1598 3377 1888 3416 mercatum
1909 3398 1925 3424 ‚
1963 3365 2106 3418 unde
2132 3386 2246 3420 rem
2271 3369 2510 3421 affectam
2542 3389 2628 3422 re-

476 3446 617 3500 enim
644 3441 703 3496 id
736 3443 794 3494 in
832 3460 991 3494 mauu
1024 3455 1073 3492 et
1107 3452 1362 3510 potestate
1391 3461 1504 3495 mea
1597 3445 1857 3497 stitueret.
1885 3446 1969 3498 Cf.
1997 3447 2217 3499 Terent.
2252 3446 2483 3518 Adelph.
2515 3451 2625 3514 111,

474 3538 553 3578 est
576 3543 590 3577 τ
612 3526 719 3576 hoc
740 3539 867 3573 vero
888 3539 1126 3590 possum,
1147 3533 1207 3572 ut
1221 3540 1289 3573 ne
1310 3523 1501 3574 merito
1600 3526 1655 3589 3,
1687 3522 1717 3574 3
1735 3543 1752 3576 1
1778 3545 1794 3590 ;
1819 3525 2008 3578 Heaut.
2037 3527 2094 3589 Ι,
2131 3547 2180 3589 1,
2213 3527 2304 3596 59.

474 3624 596 3657 meo
645 3602 878 3656 dieantt
936 3601 1115 3670 itaque
1160 3601 1279 3652 ait:
1332 3601 1501 3668 «Est,
1677 3605 1774 3656 81.
1823 3607 1959 3672 Quin
2007 3626 2111 3657 eum
2155 3619 2266 3659 rest.
2310 3608 2454 3672 Quin
2501 3627 2624 3663 eum

476 3697 636 3755 atque
661 3701 772 3735 nou
807 3693 912 3744 est,
939 3693 1044 3732 etc.
1076 3706 1097 3726 n
1139 3680 1340 3733 Muret.
1371 3683 1498 3732 Var.
1593 3682 1862 3752 perditum
1884 3704 2095 3737 servare
2115 3689 2390 3740 tentabas?

473 3765 623 3818 Lect.
646 3763 773 3824 XV,
808 3778 893 3813 ια.
919 3759 1102 3811 Grion.
1678 3765 1772 3816 83.
1801 3763 1862 3816 Si
1885 3771 1998 3834 qut,
2021 3766 2064 3816 si
2096 3785 2205 3837 quo
2233 3781 2408 3838 pacto.
2441 3769 2503 3821 L.
2581 3756 2587 3763 ⁸

558 3847 653 3910 69.
670 3843 789 3893 Hic.
814 3840 1018 3894 Cistell.
1038 3841 1096 3904 1,
1131 3859 1158 3892 2
1176 3879 1191 3905 ,
1229 3859 1251 3891 1
1267 3847 1319 3901 4.
1679 3845 1773 3896 88.
1809 3845 1907 3895 Ubi
1923 3862 2050 3896 nunc
2073 3858 2173 3896 tute
2195 3847 2400 3899 habitas.
2421 3849 2500 3900 Ita
2523 3848 2628 3900 hoc
2727 3909 2736 3920 Ι

556 3941 645 3992 70.
672 3923 791 3972 Rem
814 3921 903 3970 eibi
923 3931 1166 3971 auctorem
1202 3919 1347 3972 dabo.
1379 3922 1424 3972 Ι.
1456 3939 1505 3974 e.
1599 3923 1712 3974 sine
1733 3922 2151 3994 interrogatione
2171 3926 2626 3997 legendum:nam

470 4022 531 4056 re
565 4003 679 4072 ipsa
722 3997 1029 4052 ostendero.
1066 3999 1250 4052 Manil.
1284 4000 1376 4051 lib.
1408 4001 1504 4052 II:
1597 4003 1831 4055 cohaeret
1887 4023 2010 4056 cum
2057 4005 2161 4056 illis
2199 4025 2211 4057 :
2268 4003 2512 4058 Emistin?
2556 4007 2628 4058 de

477 4107 499 4128 ι
525 4083 638 4151 Ipsi
674 4100 757 4132 res
792 4079 947 4147 operi
985 4079 1146 4131 faciet
1187 4079 1506 4152 pondusque
1596 4081 1932 4135 adolescente
1960 4085 2053 4136 has
2086 4084 2260 4137 aedes?
2298 4086 2499 4138 scilicet
2531 4087 2623 4136 uhi

472 4161 741 4230 {idemque
771 4185 814 4209 a.
841 4159 1028 4210 Gnou.
1594 4179 1744 4213 nunc
1783 4175 1897 4215 tute
1933 4164 2155 4216 habitas,
2190 4166 2299 4229 Qui*
2337 4167 2478 4216 enim
2518 4179 2624 4216 tam
2701 4185 2704 4187 ’

554 4259 648 4311 71.
672 4241 789 4292 Hic.
808 4239 907 4290 Vs.
939 4241 1033 4305 69.
1158 4255 1165 4264 ·
1595 4242 1800 4295 amicus
1830 4244 2080 4298 nescierit
2115 4245 2212 4298 ubi
2253 4245 2498 4299 Callicles
2528 4245 2627 4297 ha-
