3067 5017
886 440 1225 513 Aeros
1277 442 1379 528 V,
1430 444 1758 516 scENA
1809 446 1894 513 v.

332 571 467 660 Ipse
502 566 640 635 abit
677 564 896 654 foras,
931 592 1041 635 me
1075 565 1347 662 reliquit
1392 593 1517 661 pro
1551 570 1824 639 atriensi
1857 571 1929 639 in
1964 571 2236 643 aedibus.

332 678 445 745 Ubi
485 703 607 747 nec
642 676 799 745 leno
821 731 840 764 ‚
882 702 1099 772 neque
1137 677 1267 748 illae
1310 678 1634 768 redeunt,
1678 706 1801 751 nec
1837 682 2021 778 quod
2057 684 2233 755 edim
2271 688 2464 782 quid-

605 810 810 881 quam
848 787 1091 874 datur‚
2440 820 2466 861 s

327 903 443 967 Pro
477 899 742 967 minore
780 914 970 993 parte
1003 899 1266 993 prandi·
1290 901 1540 996 pignus
1577 903 1762 997 cepi,
1805 903 1940 971 abii
1977 903 2177 976 foras·

326 1013 423 1080 Sic
456 1011 745 1097 dedero;
784 1035 913 1079 aere
956 1008 1231 1079 militari
1267 1013 1552 1108 tetigero
1587 1012 2052 1085 lenunculum.

323 1120 662 1192 Nanctu’st
698 1122 1040 1189 hominem
1073 1174 1092 1207 ‚
1136 1122 1320 1193 mina
1358 1149 1558 1218 quem
1597 1124 1859 1219 argenti
1895 1127 2447 1205 circumduceret.

323 1231 446 1299 Sed
478 1255 632 1299 mea
668 1232 883 1299 amica
918 1256 1103 1300 nunc
1139 1232 1232 1300 mi
1268 1233 1439 1303 irato
1469 1235 1740 1304 obviam
1772 1237 1998 1305 veniat
2032 1238 2254 1311 velim.

321 1345 493 1428 Jam‚
527 1340 644 1436 pol
671 1366 832 1435 ‚ego
867 1340 1050 1410 illam
1085 1344 1331 1437 pugnis
1365 1358 1576 1413 totam
1605 1343 1846 1414 faciam
1867 1361 1944 1414 ut
1970 1348 2055 1416 sit
2081 1351 2379 1441 morula;
2415 1389 2466 1417 m

326 1457 415 1521 [ta
449 1450 727 1546 replebo
763 1453 1065 1540 atritate,
1098 1454 1307 1522 atrior
1339 1453 1552 1523 multo
1589 1470 1667 1524 ut
1703 1455 1860 1541 siet,

324 1562 541 1651 Quam
562 1563 858 1656 AEgyptii
877 1616 896 1650 ‚
919 1578 1036 1631 aut
1061 1564 1181 1658 qui
1206 1564 1539 1634 cortinam
1569 1563 1745 1635 ludis
1769 1591 1891 1660 per
1914 1568 2188 1638 Circum
2212 1568 2460 1645 ferunt.

328 1698 619 1744 ADELPH.
678 1677 895 1761 Tene,
951 1674 1074 1759 εἰς,
1132 1701 1241 1744 me
1280 1690 1500 1764 arcte,
1545 1701 1694 1745 mea
1732 1676 2090 1773 voluptas:
2130 1681 2304 1753 male
2338 1710 2464 1781 ego

610 1798 840 1852 metuo
874 1782 1129 1853 milvos,

318 1893 494 1964 Mala
533 1892 652 1963 illa
683 1893 993 1963 bestia’st
1022 1921 1037 1963 ε
1070 1920 1155 1965 ne
1189 1894 1363 1965 forte
1399 1921 1509 1965 me
1543 1896 1804 1966 auferat
1840 1896 2106 1992 pullum
2143 1913 2358 1968 tuum.

322 2030 481 2075 ANT.
514 2008 614 2075 Ut
652 2029 911 2099 nequeo
942 2018 1008 2073 te
1052 2007 1208 2076 satis
1247 2005 1623 2101 conplecti,
1650 2008 1744 2076 mi
1784 2006 2014 2101 pater-l
2057 2032 2276 2079 ANTE.
2317 2011 2465 2103 Ego

2365 448 2464 546 95

608 2140 714 2184 me
756 2139 1007 2184 moror.

398 2237 451 2288 6.
474 2233 581 2285 Pm
597 2236 792 2285 minore.
816 2233 967 2286 Nihil
990 2234 1189 2288 mutari
1214 2235 1332 2305 pla-

316 2325 416 2367 cet.
463 2313 743 2385 Significat
786 2325 996 2379 autem,
1042 2332 1098 2367 se
1151 2314 1332 2368 nescio

316 2391 447 2463 quid
477 2412 545 2445 ex
572 2391 775 2447 aedibus
804 2393 1041 2458 lenonis,
1070 2394 1334 2447 manticu-

312 2474 482 2526 latum
533 2490 666 2527 esse.
724 2474 829 2527 Pro
876 2486 1031 2544 parte
1048 2510 1065 2539 ,
1120 2473 1335 2546 inquit,

313 2552 530 2624 prandii
552 2553 779 2618 minore,
802 2572 961 2624 quam
984 2554 1302 2623 accepissem
1318 2592 1334 2619 ,

314 2634 359 2685 si
382 2633 521 2686 forte
545 2632 857 2703 prandium,
874 2633 1021 2704 quod
1040 2632 1337 2686 debebatur

316 2713 478 2778 mihi,
503 2712 691 2766 datum
718 2714 922 2777 fuisset3
945 2716 1157 2786 pignus,
1188 2711 1336 2785 quod

316 2794 532 2865 majoris
558 2793 731 2846 multo
757 2793 918 2865 pretii
946 2809 1025 2848 est
1042 2832 1061 2858 ,
1108 2813 1175 2847 ex
1210 2791 1337 2847 oedi-

315 2875 413 2926 bus
441 2874 654 2926 lenonis
692 2873 905 2927 abstuli.
938 2875 1077 2928 Haec·
1105 2892 1229 2927 vera
1258 2885 1337 2927 est

314 2954 473 3025 hujus
500 2952 610 3006 loci
640 2954 919 3008 sententia.
964 2956 1151 3007 Douza
1191 2954 1335 3025 lege-

315 3034 445 3087 bat:
488 3058 515 3081 α
538 3052 643 3105 pro
685 3033 830 3085 mina
870 3046 1086 3105 experte
1122 3032 1338 3103 prandii

314 3113 508 3185 pignus
534 3113 655 3183 cepi
683 3138 705 3160 ι
733 3133 746 3163 :
784 3110 879 3165 sed
902 3132 1057 3167 causa
1079 3114 1227 3166 nulla
1260 3124 1339 3165 est

314 3192 559 3247 mutandi
572 3205 843 3263 receptam
855 3194 1334 3247 lectionem.Boxn.

398 3294 453 3344 7.
492 3272 580 3325 Sic
623 3273 817 3325 dedero.
862 3274 1118 3327 Fon-mula
1162 3284 1339 3344 gratu-

315 3352 462 3407 landi
484 3351 636 3425 quod
662 3354 801 3406 male
828 3354 1053 3407 affectus
1072 3354 1143 3415 sit
1163 3352 1339 3405 inimi·

316 3434 663 3486 cns.Phorm.
680 3433 749 3491 V,
782 3452 833 3503 7,
862 3433 967 3499 383
996 3432 1244 3486 similiter
1268 3436 1339 3485 sic

317 3513 483 3565 datur.
508 3514 596 3567 Cf.
610 3512 927 3567 Menaechm.
946 3514 1049 3578 IV,
1072 3532 1100 3566 α
1119 3549 1135 3571 ,
1169 3519 1337 3576 4ο.-’-

319 3594 449 3645 AEre
476 3594 699 3645 militari.
726 3592 1051 3663 Ambiguum
1074 3604 1183 3660 θεῖς
1212 3611 1338 3645 nam

320 3690 389 3725 ωε
414 3673 651 3726 militare
662 3672 927 3744 significat
950 3684 1067 3725 tum
1097 3690 1166 3725 ωε
1190 3671 1337 3743 quod

318 3752 475 3807 militi
518 3752 680 3805 datur
713 3752 771 3805 in
816 3751 1174 3823 stipendium,
1218 3764 1336 3805 tum

317 3831 588 3903 gladium,
610 3836 723 3885 'seu
760 3832 963 3885 serrum
998 3831 1247 3884 militare.
1272 3832 1335 3885 L.

320 3944 397 3971 -,
420 3914 587 3965 Enses
608 3911 752 3964 ferro
767 3950 784 3977 ‚
806 3930 919 3965 non
939 3930 1044 3965 aere
1064 3911 1337 3976 fabricati3

318 3990 501 4064 itaque
546 4010 663 4045 non
705 3992 866 4063 vulgo
908 4010 976 4045 ωε
1019 4010 1122 4063 pro
1161 3989 1337 4061 gladio

320 4070 429 4125 dici
462 4072 662 4144 potuit.
708 4070 817 4125 Sed
856 4090 926 4125 ωε
963 4071 1197 4125 militare
1240 4071 1342 4123 fuit

322 4152 584 4205 tributum
620 4148 769 4222 quod
804 4169 833 4203 a
863 4152 1068 4205 civibus
1096 4152 1155 4203 in
1198 4150 1339 4203 mili·

319 4230 447 4287 tiam
474 4230 829 4305 pendebatur.
853 4230 1011 4287 Conf.
1038 4231 1217 4285 Aulul.
1238 4232 1343 4297 111,

1438 2234 1493 2299 5,
1528 2234 1623 2300 52,
1659 2233 1754 2300 54,
1791 2236 1888 2305 57.
1910 2268 1992 2278 -
2024 2236 2272 2309 Tetigero.
2302 2236 2460 2293 Conf-

1436 2314 1681 2385 Epid.v,
1718 2335 1771 2379 η,
1801 2314 1892 2383 39.
1919 2314 1990 2369 Ν.

1519 2398 1572 2448 8.
1602 2394 2005 2452 Cir-cumduceret.
2027 2395 2189 2450 Conf.
2211 2396 2463 2454 Bacchid.

1436 2474 1511 2537 V,
1551 2474 1582 2527 3
1598 2510 1616 2539 ‚
1647 2492 1744 2544 77.

1525 2574 1614 2608 10.
1635 2553 1854 2607 Moe-ula.
1872 2554 2008 2609 MSS
2027 2567 2082 2608 et
2103 2574 2290 2610 omnes
2309 2576 2465 2626 meae,

1438 2646 1634 2704 praeter
1652 2635 1797 2687 Brix.
1817 2674 1832 2700 ,
1857 2634 2057 2686 habent
2075 2637 2312 2698 merulea,
2346 2638 2386 2691 i.
2413 2657 2462 2693 e.

1438 2725 1552 2768 tota
1575 2714 1756 2785 nigra,
1787 2727 1848 2768 ut
1879 2718 1980 2765 avis
2005 2716 2207 2767 merula.
2233 2716 2420 2770 Tmur.

1526 2812 1616 2847 12.
1645 2794 1898 2847 Coe-tinam
1919 2794 2048 2846 ludis
2063 2814 2157 2863 per
2169 2826 2201 2858 ,·
2223 2808 2324 2849 etc.
2357 2797 2468 2849 Ι-Ιο.

1439 2874 1611 2927 mines
1638 2874 1749 2927 sole
1776 2873 2010 2946 perusti,
2051 2874 2147 2944 qui
2190 2893 2281 2927 vas
2327 2894 2467 2948 aqua

1436 2954 1658 3024 plenum
1685 2954 1826 3007 ludis
1861 2953 2204 3007 Circensibus
2235 2954 2467 3009 circum-

1436 3034 1619 3086 ferunt
1635 3072 1652 3098 ,
1693 3046 1754 3087 ut
1801 3052 1966 3104 equos
2018 3052 2180 3086 cursu
2229 3032 2464 3089 defessos

1436 3111 1634 3183 frigida
1662 3125 1960 3191 aspergant.
1983 3114 2469 3169 Laium—Cartima

1438 3194 1642 3263 τρίπους
1667 3205 1720 3247 et
1740 3192 1888 3253 λέὸης
1904 3214 1917 3227 ·
1945 3210 2112 3265 enque
2134 3195 2382 3263 proprie,
2409 3195 2468 3247 in

1438 3292 1544 3344 qua
1595 3274 1718 3325 lana
1765 3272 1989 3327 suffecta
2041 3291 2230 3325 succos
2278 3274 2466 3329 ebibit.

1440 3354 1618 3405 Varro
1647 3350 1842 3405 dictam
1875 3353 1992 3406 vult
2013 3372 2043 3405 a
2067 3352 2246 3412 corde5
2283 3366 2338 3407 at
2367 3373 2468 3425 ego

1440 3450 1471 3485 a
1495 3430 1856 3497 rotunditate,
1879 3429 2029 3503 quod
2044 3470 2060 3496 ,
2084 3443 2143 3484 ut
2164 3444 2372 3498 coi-tea,
2396 3434 2468 3489 ita

1440 3512 1556 3565 haec
1599 3511 1832 3565 rotunda
1883 3524 2034 3565 esset.
2075 3510 2217 3563 Hinc
2263 3511 2470 3568 Ennius

1440 3595 1676 3645 cortinam
1745 3610 1843 3662 pro
1908 3590 2288 3661 hemispbaerio
2351 3595 2470 3649 caeli

1438 3670 1604 3725 dixit:
1631 3698 1653 3720 ι
1671 3672 1916 3741 Quaeque
1931 3671 2070 3723 freto
2097 3689 2224 3723 cava
2240 3675 2470 3729 caeruleo

1440 3752 1651 3805 cortina
1677 3761 1920 3821 receptat
1943 3774 1993 3802 n.
2034 3750 2294 3822 Intelligit
2331 3771 2472 3825 quae-

1442 3850 1672 3902 cumque
1695 3830 2037 3883 continentur
2056 3830 2152 3883 ὑπὸ
2177 3837 2240 3901 τῇ
2271 3834 2469 3904 οὐρανοῦ

1441 3913 1622 3981 σκέπῃ·
1654 3922 1716 3963 ut
1737 3908 2032 3979 loquuntur
2050 3923 2240 3979 poetae.
2256 3912 2471 3967 Servius

1441 3990 1499 4043 in
1526 3994 1718 4055 AEtna,
1738 4008 1841 4061 pro
1872 3990 2068 4043 theatri
2094 3991 2319 4045 incurva
2348 4013 2470 4064 par-

1441 4083 1495 4123 te
1539 4068 1738 4124 dixisse
1786 4068 2021 4135 videtur,
2071 4074 2238 4139 magni
2283 4077 2470 4125 cortina

1445 4149 1636 4203 theatri.
1669 4149 1824 4203 Seu..
1858 4180 1939 4191 —
1975 4150 2174 4203 Forsan
2207 4147 2276 4203 de
2307 4152 2470 4219 servis

1442 4229 1676 4301 publicis
1700 4229 1962 4284 Africanis
1986 4248 2162 4284 sermo
2186 4242 2285 4283 est.
