3067 5017
545 463 687 558 390
1326 449 1927 546 ΤΒιΝϋΜυε,

548 589 768 679 Quia,
811 588 925 682 qui
971 585 1144 654 nihil
1178 584 1397 670 aliud,
1432 587 1564 656 nisi
1596 585 1787 680 quod
1825 584 1955 654 sibi
1995 582 2117 652 soli
2153 579 2411 676 placet,

550 695 862 768 Consulit
904 695 1259 764 advorsum
1300 695 1513 765 filium
1545 750 1564 784 ‚
1606 721 1820 790 nugas
1857 694 1995 789 agit
2026 719 2046 780 ;
2682 709 2706 749 ⁵

543 809 753 876 Miser
790 831 876 874 ex
916 806 1141 874 animo
1184 806 1300 894 Εἰς
1345 805 1584 892 factius
1621 806 1837 875 nihilo
1877 805 2060 874 facit.

541 920 691 987 Suae
731 918 1055 986 senectuti
1096 917 1149 984 is
1193 917 1521 985 acriorem
1570 918 1861 986 hiemem
1912 928 2138 1008 parat,

543 1029 771 1116 Quom
824 1025 1027 1095 illanc
1072 1027 1505 1122 inportunam
1552 1042 2014 1122 tempestatem
2059 1023 2344 1094 conciet.

542 1137 673 1206 Sed
708 1138 1113 1231 aperiuntur
1150 1136 1391 1224 aedeis,
1432 1160 1569 1232 quo
1615 1139 1832 1217 ibam;
1872 1133 2201 1204 conmode

541 1250 695 1340 Ipse
729 1248 870 1317 exit
912 1247 1327 1321 Lesbonicus
1370 1273 1527 1319 curn
1575 1272 1768 1318 servo
1813 1246 2014 1318 foras.
2655 1273 2706 1302 ¹·

1069 1486 1521 1584 SCENA
1584 1489 2188 1608 QUARTA.

854 1723 1418 1794 LESBONICUS
1435 1775 1456 1810 ‚
1502 1721 1952 1792 STASIMUS
1973 1774 1992 1806 ‚
2042 1720 2402 1790 PHILTO.

547 1960 730 2007 mss.
759 1935 990 2006 Minus
1017 1936 1400 2030 quindecim
1434 1935 1575 2005 dies
1611 1950 1808 2022 sunt,
1836 1961 2042 2030 quom
2080 1960 2205 2031 pro
2235 1933 2418 2002 hisce
2450 1929 2703 1999 aedihus

551 2048 774 2114 Minas
815 2044 1259 2139 quadraginta
1294 2046 1620 2140 adcepisti
1658 2071 1697 2114 a
1738 2043 2030 2116 Callicle.
2211 2037 2232 2056 ⁸

550 2159 756 2225 Estne
798 2155 928 2223 hoc
968 2155 1153 2249 quod
1186 2155 1376 2237 dico,
1411 2153 1748 2225 Stasime?
1783 2178 1969 2224 s'rAs.
2007 2154 2237 2242 Quom
2270 2147 2657 2232 considero,

553 2265 945 2334 Meminisse
989 2263 1220 2334 videor
1260 2265 1432 2335 fieri.
1490 2290 1676 2335 Lsssn.
1719 2264 1908 2355 Quid
1945 2259 2294 2332 factum’st
2333 2257 2460 2330 eo?

556 2399 739 2446 STAS.
760 2379 1116 2445 Comesum
1133 2429 1151 2461 ‚
1168 2390 1487 2470 expotum
1501 2428 1519 2461 ‚
1541 2388 1904 2444 exunctum
1923 2427 1942 2459 ‚
1964 2373 2215 2443 elotum
2235 2372 2305 2441 in
2320 2368 2620 2440 balineis.
2681 2389 2704 2428 ⁵

552 2483 879 2573 Piscator,
912 2484 1127 2580 pistor
1162 2483 1437 2555 abstulit
1458 2538 1477 2571 ,
1512 2484 1708 2571 lanii,
1749 2485 1930 2572 coci,

639 2682 693 2732 6.
725 2679 931 2732 Facts‘us
956 2680 1108 2733 nimo
1124 2680 1277 2748 facit.
1306 2679 1393 2733 Sic
1422 2679 1591 2744 MSS,

554 2777 667 2811 non
686 2763 887 2825 sectius,
909 2778 1019 2814 non
1044 2763 1255 2832 sequius,
1276 2779 1386 2814 non
1412 2763 1568 2812 satius
1582 2798 1598 2813 .

556 2837 761 2890 Factius
790 2851 871 2892 est
909 2839 1075 2910 magis
1110 2840 1303 2893 factum
1322 2878 1337 2904 ,
1369 2852 1431 2892 ut
1462 2840 1590 2891 alibi

555 2919 891 2985 confossiorem
910 2917 1043 2972 dicit
1064 2938 1164 2990 pro
1185 2920 1351 2989 magis
1376 2920 1589 2972 confos-

558 3015 620 3049 so
641 3035 657 3062 ,
688 2995 790 3051 hac
821 2998 999 3051 fabula
1039 3000 1345 3051 ocolus-iorem
1378 3000 1590 3052 stultilo-

560 3080 800 3147 quantiam
815 3097 835 3138 ,-
874 3090 934 3130 ut
960 3076 1150 3131 Cicero
1177 3079 1449 3133 civitatem
1472 3097 1590 3130 con-

544 3153 931 3224 fidentissimum
963 3159 1228 3213 literarum.
1268 3157 1588 3212 Petronius:

567 3260 591 3282 α
608 3237 966 3289 excussissima
986 3236 1163 3308 palma
1185 3238 1427 3308 pulsare·
1441 3278 1451 3288 .
1470 3239 1591 3291 Pla-

556 3315 681 3367 nius
717 3315 882 3380 foret,
912 3341 936 3363 ι
958 3316 1147 3370 factius
1186 3317 1325 3370 nihil
1368 3317 1498 3370 facit
1520 3343 1544 3365 ι
1572 3355 1590 3383 ,

558 3393 599 3448 i.
621 3412 669 3448 e.
688 3394 829 3448 nihil
863 3395 1030 3465 magis
1052 3393 1235 3450 reddit
1264 3409 1505 3450 curatum
1536 3410 1592 3450 et

556 3474 911 3544 explicatum,
948 3475 1086 3527 nihil
1128 3476 1295 3547 magis
1341 3474 1589 3548 expedit,

556 3571 719 3624 quam
771 3553 817 3606 si
866 3553 1189 3609 concederet
1234 3556 1441 3615 liberis,
1484 3575 1589 3610 nee

555 3649 771 3702 semper
810 3651 996 3686 corum
1025 3635 1293 3706 voluptati
1326 3653 1589 3706 repugna·

554 3723 654 3764 ret.
681 3712 762 3764 Et·
776 3712 855 3766 sic
878 3714 1150 3784 scripsisse
1182 3715 1432 3768 Plautum
1468 3735 1588 3769 cre-

552 3788 805 3846 diderim.
852 3791 967 3845 Etsi
1012 3805 1188 3864 potest
1230 3806 1285 3847 et
1333 3795 1589 3865 explicari

550 3871 799 3925 alterum.
822 3872 931 3938 Qui
950 3891 1161 3944 semper
1184 3872 1490 3927 adversatus
1518 3875 1587 3927 li·

548 3949 805 4004 berorum
838 3953 1128 4016 voluntati,
1163 3971 1331 4024 nugas
1350 3955 1479 4024 agit,
1505 3955 1589 4007 ni-

545 4027 661 4083 hilo
694 4031 883 4088 factius
926 4028 1005 4094 (id
1044 4031 1191 4104 quod
1236 4032 1409 4104 cupit)
1438 4034 1584 4088 facit.

543 4108 729 4162 Gnon.

620 4191 674 4242 5.
696 4190 991 4245 Esunoeum,
1006 4192 1187 4264 Vulgo
1208 4203 1403 4250 erutum
1416 4231 1435 4261 ,
1456 4212 1578 4264 per·

1673 2697 1877 2750 peram.
1901 2677 2156 2748 Magnum
2187 2675 2348 2730 luxus
2381 2676 2707 2730 instrumen-

1676 2772 1787 2812 tum
1813 2757 2120 2811 cottidiana
2140 2768 2381 2808 veterum
2409 2756 2707 2823 unctiones,

1675 2838 2005 2893 lavationes:
2035 2833 2180 2888 unde
2214 2834 2554 2889 decoctorum
2583 2856 2704 2889 ver-

1674 2919 1742 2971 ba
1757 2956 1774 2982 ‚
1798 2918 1978 2982 cluere,
2011 2935 2249 2985 exaugere
2265 2956 2281 2979 ,
2315 2933 2416 2986 pro
2450 2918 2706 2985 patrimo·

1671 2999 1824 3052 nium
1852 2998 1982 3050 luxu
2018 2997 2304 3050 lancinare.
2333 2994 2477 3050 Rud.
2507 2996 2589 3061 11,
2622 3015 2654 3066 7
2687 3036 2705 3062 ‚

1682 3102 1706 3126 ι
1732 3077 1892 3130 Eluas
1925 3089 2009 3140 tu,
2055 3094 2122 3128 an
2153 3092 2419 3144 exungare
2439 3113 2457 3140 ‚
2497 3076 2703 3128 ciccum

1673 3177 1786 3210 non
1825 3155 2186 3210 interduim».
2229 3155 2512 3226 Exungere
2542 3174 2705 3226 ergo,

1675 3234 1958 3306 unguentis
1986 3236 2264 3289 absumere
2293 3247 2404 3287 est:
2441 3247 2496 3286 et
2515 3253 2575 3287 ea
2596 3253 2706 3287 vox

1675 3316 1982 3386 myropolns
2013 3317 2128 3386 ejus
2159 3314 2404 3385 argenti,
2437 3316 2588 3385 cujus
2621 3333 2706 3367 ra-

1673 3396 1876 3450 tionem
1921 3395 2063 3450 serio
2111 3396 2306 3449 insistit
2346 3393 2707 3459 Lesbonicus,

1671 3477 1868 3528 bonam
1898 3487 2103 3544 partem
2127 3473 2400 3528 abstulisse
2424 3473 2703 3544 significat.

1671 3557 1725 3609 J.
1751 3554 2205 3608 Gan—Elatum.
2245 3552 2380 3606 Inde
2421 3554 2590 3616 heluo,
2635 3553 2704 3605 ab

1672 3637 1908 3696 eluendo,
1942 3634 2038 3705 qui
2073 3634 2354 3705 aspiratur,
2386 3645 2448 3687 nt
2478 3631 2704 3687 aviditas

1673 3715 1842 3786 magis
1875 3714 2230 3784 exprobretur
2258 3733 2272 3764 ε
2310 3713 2374 3766 fit
2409 3714 2556 3766 enirn
2597 3727 2702 3765 vox

1672 3794 1963 3859 incitatior,
1995 3808 2054 3847 ut
2079 3794 2152 3846 ait
2180 3795 2382 3846 Festus.
2405 3793 2542 3846 Nam
2565 3804 2618 3846 et
2643 3792 2704 3844 in

1671 3874 1876 3926 balneis
1901 3874 2028 3927 luxu
2066 3870 2284 3926 lavandi
2315 3890 2430 3924 rem
2455 3871 2705 3943 profliga-

1670 3953 1816 4008 bant.
1849 3954 2035 4006 Tmus,
2075 3983 2160 4000 --
2186 3950 2400 4007 Elorum.
2434 3952 2598 4004 Jocus
2633 3969 2700 4002 ex

1670 4033 1954 4103 ambigam
1985 4051 2108 4085 nam
2139 4033 2323 4085 elavem
2354 4029 2558 4084 dictum
2593 4028 2701 4082 fuit

1671 4111 1744 4164 de'
1783 4112 1854 4166 iis
1899 4112 1996 4184 qui
2060 4112 2334 4168 fortunam
2393 4111 2698 4164 amiserant.

1669 4191 1753 4246 Cf.
1779 4192 1930 4246 Asin.
1957 4193 2010 4259 Ι,
2045 4212 2074 4246 a
2099 4231 2118 4257 ,
2147 4210 2200 4261 9.
2235 4192 2304 4244 N.
