3067 5017
701 451 837 536 242
1547 449 2014 544 RUDENS‚

686 662 2640 694 mmmmmmmmmmmmmmmmmm
2647 676 2848 696 m

1044 811 1598 963 AcTUS
1699 784 2472 970 TERTIUS.

1256 1289 1708 1378 SCENA
1780 1291 2260 1382 PRIMA.

1500 1541 1991 1613 DAEMONES.

673 1713 956 1832 Mx‘ms
991 1756 1207 1827 modis
1244 1755 1316 1858 di
1356 1754 1550 1825 ludos
1589 1755 1848 1824 faciunt
1889 1756 2309 1845 hominibus»,

664 1872 993 1965 Mirisque
1026 1866 1347 1961 exemplis
1386 1868 1646 1936 somnia
1689 1868 1759 1936 in
1799 1869 2052 1938 somnis
2095 1870 2374 1942 danunt.

664 1983 769 2052 Ne
815 1980 1246 2059 dormienteis
1281 1976 1554 2072 quidem
1603 1978 1835 2047 sinunt
1873 1981 2236 2072 quiescere.

664 2090 870 2163 Velut
901 2115 1027 2185 ego
1064 2091 1190 2159 hac
1225 2103 1459 2176 nocte,
1496 2113 1648 2183 quae
1689 2092 2026 2182 praecessit
2049 2143 2066 2177 ,
2110 2118 2440 2187 proxuma

660 2203 919 2272 Mirum
952 2215 1155 2294 atque
1191 2201 1504 2269 inscitum
1552 2199 1876 2268 somniavi
1911 2203 2272 2273 somnium.
2807 2236 2836 2274 ⁵

660 2311 769 2382 Ad
803 2309 1320 2379 hirundininum
1354 2308 1592 2377 nidum
1635 2309 1772 2378 visa
1810 2324 1911 2378 est
1947 2311 2139 2380 simia

659 2419 1185 2491 Adscensionem
1224 2433 1302 2487 ut
1341 2418 1588 2488 faceret
1629 2417 2039 2509 admolirier,

659 2535 894 2624 Neque
931 2556 1041 2599 eas
1086 2531 1345 2623 eripere
1382 2529 1616 2622 quibat
1655 2529 1812 2598 inde
1853 2556 1868 2598 :
1915 2531 2164 2624 postibi

659 2641 1032 2714 Videbatur
1064 2639 1150 2708 ad
1186 2665 1295 2708 me
1340 2640 1529 2708 simia
1567 2639 2018 2734 adgredirier,

578 2743 587 2754 ’
658 2755 967 2848 Rogare,
1006 2749 1214 2820 scalas
1260 2765 1335 2818 ut
1375 2748 1602 2818 darem
1646 2743 1929 2819 utendas
1967 2749 2115 2820 sibi.
2771 2793 2826 2818 ι,

656 2866 802 2957 Ego
846 2860 933 2930 ad
978 2861 1109 2929 hoc
1142 2857 1524 2954 exemplum
1563 2860 1769 2928 simiae
1811 2859 2222 2955 respondeo,

654 2975 918 3044 Gnatas
954 2991 1037 3039 ex
1070 2967 1444 3039 Philomela
1481 2983 1684 3064 atque
1719 2995 1798 3039 ex
1833 2973 2098 3066 Progne
2133 2996 2274 3042 esse
2309 2975 2746 3047 hirundines:

651 3089 802 3180 Ago
839 3107 994 3152 cum
1039 3077 1185 3168 illa,
1221 3103 1307 3147 ne
1343 3077 1790 3173 quidvnocea't
1839 3081 2003 3150 meis
2045 3079 2508 3176 popularibus.

650 3199 873 3290 Atque
916 3191 1031 3260 illa
1064 3191 1289 3259 animo
1326 3189 1467 3282 jam
1504 3189 1650 3258 fieri
1688 3190 2010 3276 ferocior,

646 3306 938 3375 Videtur
979 3300 1161 3370 ultro
1203 3298 1371 3368 mihi
1411 3298 1664 3368 malum
1705 3300 2099 3370 minitarier.
2231 3320 2237 3327 ·
2758 3329 2810 3366 ..r-

645 3418 727 3485 In
760 3415 873 3508 jus
916 3425 1113 3480 voc-at
1146 3435 1300 3478 me:
1342 3409 1441 3477 ibi
1487 3434 1612 3503 ego
1651 3411 1880 3480 nescio
1917 3405 2264 3503 quomodo

641 3532 863 3598 Iratus
899 3523 1130 3593 videor
1162 3521 1453 3589 mediam
1486 3521 1796 3614 adripere
1839 3521 2101 3589 simiam
2128 3546 2146 3588 ε

644 3633 996 3708 Concludo
1037 3633 1109 3701 in
1145 3630 1365 3701 vincla
1414 3632 1699 3700 bestiam
1750 3631 2269 3726 nequissumam.

730 3823 784 3878 5.
831 3821 1097 3876 Somnium·
1140 3818 1465 3892 Huiusmodi
1506 3819 1675 3874 comi·
1848 3818 2141 3874 12.Gnatas
2159 3817 2551 3874 ex.Confundit
2573 3823 2802 3878 Plautus

644 3920 768 3956 cum
805 3902 1075 3957 somnium
1102 3899 1289 3954 videre
1318 3911 1417 3954 est.
1448 3901 1670 3954 Mereat.
1758 3899 1898 3952 hane
1944 3900 2437 3970 metamorphosin,
2479 3903 2684 3954 comica
2725 3902 2796 3955 li-

642 3983 733 4047 11,
767 4002 829 4048 1„
1758 3978 1950 4032 centia.
1995 3978 2131 4033 Vide
2173 3980 2340 4034 Pierii
2376 3981 2560 4034 Valet.
2605 3981 2796 4036 Hiero·

726 4067 780 4116 6.
817 4061 1217 4114 Hirandininum.
1259 4059 1380 4113 Hoc
1420 4058 1670 4128 possessi-
1758 4059 1944 4130 glyph.
1975 4058 2070 4113 lib.
2109 4060 2186 4114 ΙΙ.
2213 4060 2424 4114 DouzA.

643 4160 773 4196 vum
800 4152 949 4194 notat
974 4141 1138 4194 Prisc.
1164 4139 1262 4193 lib.
1286 4139 1361 4192 11.
1847 4138 1935 4190 13.
1967 4139 2312 4210 Populan‘hees.
2348 4141 2519 4194 Senex
2559 4141 2797 4194 Athenis

726 4241 747 4274 ι
768 4239 817 4274 ι.
836 4222 930 4278 Ad
945 4220 996 4270 Ιι.
1015 4240 1060 4270 e.
1092 4218 1146 4270 in
1169 4219 1317 4271 hunc
1341 4216 1580 4270 modum.
1754 4231 1908 4272 natus
1938 4231 2069 4272 erat.

902 4337 948 4402 ’ἦ
