3067 5017
599 392 693 475 24
1375 392 1954 477 POENULUS,

595 536 816 583 acon.
862 516 896 585 1
932 512 1001 583 iu
1047 511 1290 589 malam
1333 540 1492 585 rem.
1541 540 1793 585 Minui.
1836 516 1944 585 Ibi
1978 539 2125 585 sum
2158 514 2487 608 equidem.
2520 539 2745 587 Acon.

885 623 1162 720 Pergis?
1198 650 1448 696 Maru.
1491 632 1733 695 Tace0.
1768 650 1987 697 Acon.
2022 630 2107 695 At
2150 640 2475 719 perpetuo
2512 625 2688 695 volo.

598 756 856 811 mmm
894 737 1300 824 Enimvero,
1343 735 1541 853 here,
1592 762 1744 806 meo
1780 762 1889 807 me
1928 736 2190 807 lacessis
2234 734 2431 825 ludo,
2470 751 2538 805 et
2580 734 2747 805 deli·

897 846 1032 913 cias
1066 845 1250 915 facis,

600 979 764 1035 Ama
816 956 992 1026 Satis
1035 981 1218 1025 nunc
1280 956 1498 1050 lepide
1554 972 1862 1026 ornatam
1916 956 2156 1045 credo,
2214 982 2445 1044 soror,
2504 972 2571 1027 te
2627 956 2747 1027 tibi

895 1067 1226 1137 viderier:

604 1176 738 1247 Sed
799 1178 917 1247 ubi
967 1176 1266 1272 exempla
1315 1177 1753 1247 conferentur
1804 1180 2233 1248 meretricum
2281 1176 2601 1265 aliarum,
2656 1176 2753 1247 ibi

902 1287 1024 1356 tibi
1680 1369 1687 1385 1
2701 1312 2751 1353 ss

602 1399 754 1471 Erit
772 1395 1144 1467 cordolium
1166 1452 1186 1485 ,
1205 1398 1260 1467 si
1279 1422 1480 1492 quam
1501 1413 1807 1467 ornatam
1835 1396 2076 1469 melius
2103 1398 2278 1469 forte
2302 1394 2750 1491 conspexeris·

605 1530 912 1577 Annum.
951 1506 1214 1576 Invidia
1247 1508 1318 1575 in
1346 1531 1454 1576 me
1483 1530 1834 1601 nunquam
1873 1507 2291 1603 iuguata'st‚
2323 1488 2541 1603 neque
2577 1504 2761 1575 mali-

899 1618 993 1687 tia
1015 1671 1035 1704 ,
1072 1642 1222 1686 mea
1261 1642 1454 1686 soror
1485 1643 1500 1685 ε

605 1731 800 1797 Bono
823 1727 1100 1823 ingenio
1133 1751 1242 1795 me
1260 1752 1398 1796 esse
1417 1741 1723 1796 ornatam
1742 1780 1763 1814 ‚
1795 1753 1997 1821 quam
2023 1753 2190 1798 auro
2222 1727 2439 1799 multo
2466 1723 2755 1795 mavolo.

607 1845 871 1910 Aurum
905 1838 976 1907 in
1010 1837 1282 1907 fortuna
1319 1838 1683 1925 invenitur,
1710 1851 1952 1907 natura
1986 1837 2647 1934 ingeniumsbonum.

609 1954 870 2029 Bonam
900 1973 1027 2042 ego
1055 1973 1256 2041 quam
1292 1947 1555 2017 beatam
1594 1973 1703 2017 me
1738 1974 1879 2017 esse
1921 1950 2131 2019 nimio
2171 1949 2304 2020 dici
2349 1944 2637 2019 mavolo,
2710 1988 2768 2025 9«.

604 2060 1030 2131 Meretricem
1047 2058 1375 2152 pudorem
1405 2084 1635 2154 gerere
1651 2061 1862 2155 magis
1877 2059 2101 2149 decet,
2128 2082 2331 2153 quam
2352 2080 2762 2154 purpuram:

610 2171 966 2265 Magisque
999 2170 1417 2240 meretricem
1448 2168 1777 2263 pudorem
1797 2223 1816 2257 ‚
1842 2194 2045 2265 quam
2084 2194 2325 2239 aurum
2357 2191 2586 2263 gerere
2614 2190 2769 2236 con-

913 2278 1128 2347 decet.

617 2388 986 2469 Polehrum
1012 2402 1326 2459 ornatum
1359 2402 1589 2481 turpes
1618 2414 1841 2458 mores
1869 2389 2061 2484 pejus
2090 2414 2285 2458 coeno
2309 2386 2705 2459 conlinunt:

620 2497 862 2592 Lepidi
893 2522 1114 2566 mores
1150 2512 1418 2591 turpem
1451 2512 1765 2567 ornatum
1798 2497 1993 2569 facile
2030 2498 2220 2597 factis
2255 2497 2699 2592 conprobant.

621 2634 840 2681 Aaou.
875 2609 1022 2679 Eho
1050 2624 1123 2677 tu
1145 2662 1165 2696 ,
1194 2608 1327 2677 vin’
1352 2624 1427 2678 tu
1461 2608 1718 2713 facinus
1746 2606 1963 2686 facere
1991 2607 2293 2710 lepidum
2320 2624 2388 2679 et
2419 2606 2777 2681 festivom?

918 2742 1176 2789 mmm.
1218 2718 1416 2789 Volo.
2723 2738 2779 2789 9⁵

625 2854 845 2906 Aeon.
894 2834 1180 2901 Potesne
1224 2831 1391 2901 mihi
1432 2831 1855 2901 auscultare?
1894 2852 2143 2902 Maru.
2197 2836 2503 2901 Possum.
2559 2822 2777 2899 Aeon}

919 2941 1055 3015 Abi
1100 2940 1430 3032 domum,
1475 2966 1554 3009 ac
1592 2940 1921 3037 suspende
1958 2956 2045 3011 te.

628 3074 885 3123 Mam.
925 3052 1435 3139 Quamobrem?
1478 3076 1697 3123 Aeon.
1737 3052 1974 3141 Quia
1950 3076 2090 3144 jam
2136 3074 2483 3144 nunquam
2520 3024 2785 3121 audibis

930 3162 1134 3232 verba
1171 3177 1272 3232 tot
1308 3178 1444 3233 tam
1490 3164 1750 3233 suavia.

721 3289 816 3341 82.
859 3284 942 3341 Iba·
969 3303 1092 3339 sum,
1125 3284 1257 3337 Sum
1287 3283 1432 3355 apud
1471 3286 1666 3338 malam
1756 3283 2044 3337 hominum
2069 3280 2367 3338 beatiorum
2392 3281 2405 3336 l
2440 3309 2463 3332 a
2494 3283 2787 3337 Maurus.

641 3385 758 3425 rem
776 3405 792 3431 ,
835 3382 1034 3435 nempe
1071 3375 1160 3429 te,
1183 3363 1270 3417 vel
1299 3376 1390 3419 tua
1413 3364 1570 3425 facta.
1592 3396 1673 3409 --
1844 3380 1939 3431 9¹·
1966 3362 2230 3415 Pudnu-em.
2273 3363 2409 3428 Quis
2444 3364 2512 3417 sit
2550 3364 2791 3417 meretri·

639 3448 721 3501 At
747 3457 980 3516 perpetuo
1011 3445 1152 3497 molo.
1188 3444 1508 3515 Perpetuam
1543 3445 1677 3518 τεοῖς
1762 3442 1877 3495 cius
1900 3443 2080 3513 pudor
2107 3442 2235 3495 satis
2262 3442 2448 3513 priora
2472 3442 2787 3512 expeditum

647 3525 957 3581 tux-nitatem
973 3562 990 3589 ‚
1009 3542 1138 3580 eum
1163 3524 1340 3595 aliqua
1365 3525 1576 3594 argutia
1596 3525 1677 3577 in-

647 3605 960 3674 terpreteris
987 3616 1201 3657 mortem.
1227 3604 1379 3657 Alias
1407 3604 1585 3657 nullas
1598 3605 1681 3657 vi-

610 3710 614 3715 ·
647 3684 754 3739 deo
795 3683 1010 3748 delicias
1028 3723 1045 3748 ‚
1087 3702 1218 3755 quas
1259 3684 1432 3737 facem
1478 3682 1679 3737 dicitur

647 3764 1024 3835 Agorastocles
1074 3768 1306 3841 gemui.

737 3863 827 3912 9⁰·
869 3844 1032 3913 Quam
1077 3843 1285 3898 beatam.
1325 3844 1510 3897 Beatos
1548 3842 1681 3895 olim

651 3924 946 3985 vocabant,
967 3923 1064 3995 qui
1094 3923 1432 3978 abundarent
1467 3922 1679 3993 opibus.

653 4005 724 4057 Et
764 4003 943 4057 Graeci
993 4010 1380 4076 nonnunquam
1430 4003 1681 4055 homines

531 4113 536 4122 =
649 4084 899 4153 copiosos
951 4077 1254 4153 εὐδαίμονας·
1300 4095 1522 4137 voeant.
1578 4082 1681 4137 Ca·

650 4164 816 4216 tullus
869 4164 1049 4217 Carm.
1111 4190 1134 4211 ι
1167 4162 1218 4214 O
1275 4176 1541 4233 quantum
1600 4174 1682 4217 eat

1764 3522 1984 3577 faciunt.
2012 3523 2145 3575 Nam
2184 3522 2361 3592 pudor
2391 3536 2470 3577 est
2500 3523 2697 3577 modus
2730 3524 2788 3575 in

1764 3602 1959 3665 rebus,
1988 3601 2122 3655 certi
2150 3598 2389 3673 denique
2411 3602 2563 3657 fines.
2598 3600 2793 3673 virgil.
2822 3649 2829 3657 .

1763 3682 1879 3735 Eoi.
1909 3682 2018 3735 vn
2035 3721 2051 3748 ,
2083 3687 2156 3746 44
2183 3698 2197 3734 ε
2231 3706 2255 3735 ιι
2276 3684 2357 3735 lte
2379 3680 2601 3735 domum
2627 3684 2797 3753 pasti,

1765 3761 1811 3814 ai
1834 3762 1955 3833 quis
1977 3759 2175 3833 pudor,
2196 3761 2273 3814 ite
2296 3764 2510 3832 juvenci
2532 3784 2583 3815 ιι.
2608 3763 2798 3817 Groece

1768 3837 1979 3902 ἀνιέὃης
2020 3834 2200 3911 (Iliad.
2227 3840 2312 3907 E,
2352 3838 2493 3910 593)
2531 3842 2799 3913 significat

1766 3922 1807 3974 i.
1851 3940 1905 3993 q.
1956 3924 2101 3991 justo
2148 3922 2339 3993 major,
2372 3920 2595 3977 modum
2652 3938 2802 3979 exce-

1774 4000 1925 4055 dens.
1948 4002 2017 4054 N.

1854 4087 1949 4151 94.
1977 4079 2289 4151 Comprobat,
2320 4081 2658 4152 probabilem
2672 4118 2691 4146 ,
2720 4099 2801 4135 ae·

1770 4174 1989 4233 ceptum
2012 4161 2237 4214 faciunt,
2263 4160 2335 4214 N.
