3067 5017
905 435 1240 527 Acssrus
1289 435 1406 518 11,
1456 427 1802 502 scENA
1851 432 1997 500 111.
2368 427 2509 526 569

371 559 452 630 de
487 557 784 630 Secundo
836 555 954 625 illo
997 583 1236 652 genere
1290 558 1605 626 anserino
1644 555 1931 624 edissere
1973 569 2175 647 atque
2219 579 2513 647 expone,

371 669 608 765 siquid
637 683 736 736 est
753 668 939 737 boni.
969 692 1252 738 MANDR.
1282 670 1404 737 Isti
1438 683 1595 736 sunt
1632 668 1748 761 qui
1787 692 1912 760 pro
1948 665 2335 734 hominibus
2366 690 2519 758 per-

370 797 568 856 orant
602 795 756 848 ante
789 803 937 847 aras
979 794 1180 872 atque
1213 777 1772 870 altaria‚·quibus
1810 800 2063 871 cygnea
2104 789 2260 843 sunt
2300 775 2519 867 capita

370 909 437 963 et
474 891 688 961 colla:
729 889 1044 982 reliquias
1081 889 1280 958 edere
1315 912 1697 956 mensarum
1740 885 2124 978 solen't.⁴Isti
2160 898 2318 952 sunt
2353 885 2519 982 ario-

370 1000 589 1070 lorum
621 999 818 1092 longe
853 997 1278 1068 fallacissimi.
1319 1000 1609 1067 Tantum
1642 1011 1739 1065 est
1764 995 2134 1094 quod-vota
2161 994 2516 1063 hominum

370 1116 904 1204 interpretantur
940 1123 1008 1178 et
1043 1108 1256 1196 male,
1295 1131 1701 1202 precemque
1738 1105 2011 1191 dicunt,
2050 1104 2163 1173 sed
2208 1129 2526 1196 responsa

369 1245 718 1314 nunquam
766 1217 1024 1312 eligunt
1065 1243 1385 1311 congrua.
1451 1240 1657 1287 SARD.
1722 1221 1951 1284 Hosne
1988 1228 2063 1283 tu
2117 1213 2335 1282 olores
2376 1238 2517 1282 esse

371 1331 648 1400 narras?
687 1332 834 1424 Ego
871 1331 940 1396 in
986 1326 1240 1397 sacellis
1278 1329 1587 1423 proxime
1622 1351 1889 1396 anseres
1928 1327 2189 1418 inspexi
2224 1322 2517 1392 multos:

370 1441 710 1511 neminem
753 1440 891 1507 vidi
935 1464 1272 1534 cygnum:
1317 1439 1580 1532 magnis
1621 1436 2009 1532 gutturibus
2054 1435 2274 1528 capita
2314 1434 2515 1502 attol-

372 1552 556 1639 lunt,
601 1549 737 1618 alas
781 1575 906 1642 pro
949 1549 1255 1616 manibus
1314 1563 1611 1642 gerunt:
1655 1547 1955 1640 primum
1999 1546 2175 1612 inter
2211 1569 2351 1612 sese
2389 1542 2516 1611 lin-

372 1687 574 1758 guam
623 1659 899 1729 trisulco
948 1660 1218 1727 vibrant
1265 1657 1518 1727 sibilo.
1574 1657 1731 1726 inde
1786 1657 1904 1725 ubi
1956 1656 2255 1725 sonuerit
2308 1679 2515 1743 unuS‚

374 1771 603 1842 cuncti
639 1769 774 1838 alas
803 1771 1152 1864 quatiunt,
1185 1769 1345 1838 diris
1373 1793 1528 1838 cum
1562 1767 2011 1861 clangoribus.
2046 1791 2327 1837 MANDR.
2357 1769 2518 1838 Non

377 1906 586 1976 parvo
624 1879 978 1975 explentur
1020 1879 1127 1948 isti
1178 1904 1193 1947 ε
1245 1905 1488 1973 panem
1523 1905 1745 1972 neque
1783 1893 2116 1946 noverunt
2154 1881 2374 1972 neque
2408 1903 2523 1946 vo-

377 1992 526 2062 lunt
559 2017 578 2060 t
618 1991 869 2060 hordea
907 1992 1318 2060 insectantur
1379 1991 1589 2060 fracta
1633 2005 1700 2058 et
1736 1990 2005 2059 madida
2042 2016 2059 2058 :
2096 1991 2523 2085 spicasnon-

379 2100 553 2172 nulli
591 2117 830 2169 vorant
859 2129 874 2171 :
905 2103 1180 2196 quidam
1219 2103 1421 2170 etiam
1453 2102 1721 2196 polenta
1753 2117 2040 2169 utuntur
2076 2115 2143 2169 et
2166 2125 2365 2170 carne
2382 2101 2523 2193 jam

379 2213 803 2284 subrancida.
861 2235 1008 2282 sYc.
1061 2217 1164 2282 En
1210 2227 1506 2281 sumtum
1557 2215 1847 2281 inanem.
1902 2237 2187 2283 MANDR.
2230 2215 2335 2281 De
2381 2210 2522 2278 istis

377 2325 722 2420 quondam
754 2347 1038 2417 magnus
1065 2323 1235 2390 dixit
1249 2322 1510 2392 Tullius
1535 2350 1549 2392 τ
1579 2309 1942 2393 Anseribus
1972 2324 2223 2390 cibaria
2259 2320 2529 2415 publice

384 2433 694 2503 locantur
730 2449 796 2502 et
840 2458 1040 2502 canes
1080 2432 1356 2501 aluntur
1391 2435 1460 2501 in
1495 2432 1851 2525 Capitolio.
1884 2457 2029 2502 sYc.
2068 2437 2133 2502 O
2167 2458 2377 2526 genus
2414 2432 2531 2499 ho-

386 2545 648 2612 minum
677 2541 1088 2611 multiforme
1119 2558 1188 2610 et
1226 2541 1577 2636 multiplex
1605 2539 1619 2611 l
1651 2544 1773 2611 His
1808 2557 2076 2636 egomet
2110 2543 2319 2610 fuisse·
2348 2542 2528 2609 arbi-

386 2668 531 2723 tror
563 2667 844 2720 matrem
881 2654 1147 2738 Circen,
1177 2656 1497 2721 Proteum
1534 2667 1818 2746 patrem.
1862 2675 2063 2720 SARD.
2092 2649 2372 2744 Edepol,
2411 2677 2532 2718 ne-

386 2789 524 2858 que
551 2764 663 2831 isti
700 2761 986 2856 placent.
1033 2761 1542 2856 Cynocephalos
1588 2786 1769 2832 nunc
1796 2786 2093 2856 expone,
2144 2761 2197 2828 si
2225 2759 2533 2828 meliores

389 2890 604 2968 putaS.
645 2899 926 2942 MANDR.
962 2875 1082 2941 Isti
1127 2887 1282 2940 sunt
1321 2872 1437 2965 qui
1470 2873 1542 2938 in
1575 2870 1749 2939 fanis
1780 2896 1859 2939 ac
1896 2869 2149 2939 sacellis
2177 2868 2534 2936 observant

388 2981 532 3052 vela
570 3009 650 3052 ac
681 2982 909 3051 limina
931 3037 949 3068 ‚
981 2983 1226 3076 quibus
1263 3007 1303 3049 a
1344 2971 1613 3075 pectore
1654 2982 1876 3075 capita
1904 2997 2065 3050 sunt
2094 2981 2362 3067 canina,
2398 2978 2533 3047 alvi

392 3093 603 3180 densi,
619 3093 856 3186 pandae
873 3118 1135 3179 manus,
1150 3092 1378 3160 aeditui
1393 3091 1835 3184 custodesque
1854 3092 2014 3159 istos
2030 3082 2307 3160 Hecuba
2334 3114 2542 3186 quon-

394 3205 546 3274 dam
593 3220 946 3299 postquam
991 3229 1143 3273 vere
1183 3203 1358 3272 facta
1399 3217 1499 3271 est
1535 3203 1751 3288 caniS‚
1792 3201 2019 3270 Anubi
2055 3190 2265 3295 nupta
2304 3216 2556 3268 nostro-

391 3313 663 3382 latranti
701 3317 880 3400 Dec,
917 3315 1229 3383 omnibus
1276 3312 1543 3407 templis
1586 3337 1663 3380 ac
1699 3310 1996 3379 delubris
2033 3334 2293 3403 semper
2331 3309 2539 3378 denos

391 3425 635 3513 edidit,
693 3427 786 3494 sic
832 3452 870 3492 a
924 3440 1193 3520 pectore
1237 3425 1555 3493 biformes
1581 3477 1617 3511 ,.
1644 3421 1817 3490 infra
1870 3423 2177 3489 homines
2209 3473 2227 3504 ,
2273 3445 2537 3489 sursum

399 3535 596 3604 feras.
643 3539 878 3630 Itaque
915 3538 1036 3606 ubi
1078 3537 1348 3630 ignotus
1394 3549 1703 3642 precator
1740 3531 1989 3627 templa
2035 3532 2336 3625 petierit,
2384 3531 2543 3599 hinc

393 3661 596 3740 atque
634 3646 794 3716 hinc
830 3647 1197 3716 multisono
1245 3673 1416 3715 cunc
1422 3648 1472 3714 ti
1513 3646 1754 3713 latratu
1802 3636 2145 3711 fremunt:
2196 3657 2270 3709 ut
2307 3642 2537 3742 adeas,

398 3772 660 3826 tantum
681 3757 929 3844 dabis,
969 3773 1044 3825 ut
1081 3781 1392 3852 pelorare
1426 3754 1659 3841 liceat,
1697 3753 1913 3822 multo
1952 3752 2104 3847 plus
2143 3752 2351 3821 dabis.
2394 3757 2542 3847 My-

397 3867 674 3936 sterium
716 3867 798 3934 de
841 3867 1162 3960 religione
1197 3867 1452 3936 faciunt
1487 3880 1555 3933 et
1592 3865 2121 3932 commercium.
2168 3887 2315 3954 quae
2351 3886 2541 3929 com-

401 3977 637 4045 munia
687 3992 846 4044 sunt
899 3993 965 4046 et
1012 3976 1350 4071 gratuita,
1406 3975 1709 4042 vendunt
1759 3973 1978 4041 foriS.
2034 3972 2173 4040 istis
2229 3973 2543 4041 omnibus

402 4086 772 4172 litandum,
808 4089 862 4164 si
914 4112 1122 4179 parvo
1180 4110 1502 4179 nequeaS‚
1550 4100 1619 4152 at
1660 4083 1898 4182 quanti
1936 4106 2160 4176 queaS.
2206 4083 2543 4176 Respicite

400 4197 485 4266 ad
529 4196 835 4266 homines
869 4211 1360 4290 potestatesque
1398 4211 1677 4282 vestram,
1711 4209 1776 4262 et
1816 4194 2007 4272 nobis
2048 4193 2310 4264 veniam
2355 4192 2541 4278 date,
