3067 5017
774 431 778 434 ’
882 390 1218 506 ἈοΤυε
1267 438 1432 522 111,
1481 439 1812 509 SCENA
1863 441 1961 508 11.
2350 443 2512 556 403,

309 615 314 624 .
346 566 580 655 Quam·
610 561 679 629 in
717 584 790 628 re
827 559 1001 629 salva
1025 615 1044 646 ,
1082 559 1491 630 Lesbonicus
1531 561 1745 630 factus
1780 578 1878 632 est
1922 563 2293 658 frugalior?

345 697 528 744 STAS.
551 676 770 765 Atque
789 671 1099 765 equidem
1122 673 1304 764 ipsus
1325 669 1502 740 ultro
1527 673 1708 740 venit
1731 673 1956 752 Philto
1974 690 2239 744 oratum
2270 676 2497 747 filim·

345 809 544 857 CALL.
605 782 962 878 Flagitium
1001 780 1314 877 quidem,
1347 781 1629 869 hercle,
1661 781 1827 880 fiet,
1873 784 2000 853 nisi
2058 786 2177 855 dos
2218 786 2493 858 dabitur

636 893 936 988 virgini..

341 1007 722 1090 Postremo,
750 1002 984 1096 edepol
1011 1057 1029 1088 ,
1051 1028 1175 1098 ego
1198 1004 1392 1072 istam
1412 1009 1549 1073 re'm
1576 1003 1663 1073 ad
1690 1030 1797 1073 me
1814 1005 2116 1074 adtinere
2145 1008 2489 1106 intellego,

337 1115 460 1185 Ibo
489 1115 572 1184 ad
601 1139 818 1182 meum
845 1115 1348 1208 castigatorem,
1378 1129 1581 1208 atque
1613 1115 1696 1184 ab
1734 1140 1812 1183 eo
1848 1116 2205 1188 consilium
2235 1136 2481 1215 petam.

340 1250 526 1296 s‘rAs.
569 1223 1062 1320 Propemodum
1106 1225 1268 1318 quid
1313 1223 1450 1294 illic
1493 1224 1761 1293 festinet
1795 1226 2067 1319 sentio,
2122 1243 2189 1296 et
2227 1230 2491 1302 subolet

634 1335 799 1403 mihi
821 1388 840 1418 ,
1843 1399 1860 1411 ,

341 1451 438 1518 Ut
467 1471 629 1540 agro
673 1459 932 1513 evortat
959 1445 1442 1531 Lesbonicum,
1476 1444 1748 1538 quando
1782 1446 2027 1516 evortit
2060 1447 2335 1519 aedibus.
2446 1470 2493 1508 1⁵

344 1563 407 1628 Ο
452 1558 610 1626 here
651 1553 1058 1640 Charmide,
1101 1579 1300 1650 quam
1339 1554 1610 1624 absente
1647 1569 1713 1624 te
1759 1556 1909 1626 heic
1947 1571 2062 1626 tua
2104 1578 2207 1630 res
2250 1561 2493 1632 distra-

633 1667 823 1733 hitur
859 1662 1018 1734 tibi!

340 1775 620 1846 Utinam
656 1790 720 1843 te
765 1775 1008 1844 redisse
1045 1772 1296 1842 salvom
1336 1773 1627 1861 videam,
1665 1790 1742 1844 ut
1781 1777 2087 1846 inimicos
2126 1795 2277 1849 tuos

337 1887 710 1974 Uiciscare,
739 1900 814 1954 ut
846 1885 1046 1970 mihi,
1083 1899 1158 1952 ut
1181 1909 1336 1979 erga
1362 1899 1427 1952 te
1449 1883 1548 1953 fui
1569 1901 1637 1954 et
1669 1911 1849 1973 sum,
1887 1887 2136 1982 referas
2164 1891 2484 1984 gratiam!

336 1999 640 2068 Nimium
680 1995 954 2065 difficile
969 1994 1045 2065 ’st
1079 1997 1356 2089 reperiri
1393 1996 1728 2084 amicum,
1758 1998 1851 2066 ita
1886 2012 1961 2066 ut
1994 2025 2241 2070 nomen
2272 2002 2488 2091 cluet,

339 2107 521 2196 Quoi
553 2121 735 2174 tuam
755 2131 958 2199 quom
982 2131 1120 2174 rem
1137 2104 1531 2193 credideriS,
1554 2107 1695 2176 sine
1714 2111 1899 2176 omni
1917 2134 2077 2180 cura
2096 2109 2409 2184 dormias,

339 2216 471 2286 Sed
503 2225 823 2310 generum
860 2231 1164 2283 nostrum
1204 2217 1298 2284 ire
1335 2214 1643 2286 eccillum
1682 2217 1879 2287 video
1912 2244 2066 2288 cum
2101 2221 2309 2290 adfini
2340 2249 2485 2294 suo.

336 2328 582 2396 Nescio
616 2325 778 2419 quid
819 2350 952 2393 non
989 2327 1146 2393 satis
1184 2326 1360 2393 inter
1389 2351 1504 2394 eos
1536 2328 1854 2394 convenit
1884 2355 1900 2396 z
1938 2327 2389 2424 celeri-gradu

338 2441 524 2506 Eunt
563 2450 843 2528 uterque
881 2462 896 2504 ε
939 2433 1048 2502 ille
1081 2435 1516 2529 reprehendit
1561 2435 1745 2505 hunc
1782 2439 2077 2530 priorem
2116 2438 2341 2534 pallio.

339 2546 541 2615 Haud
594 2544 691 2613 illi
756 2546 1106 2613 euscheme
1155 2545 1561 2614 adstiterunt
1608 2571 1625 2614 ε
1669 2546 1802 2615 huc
1856 2546 2277 2641 aliquantum
2329 2553 2485 2622 abs-

633 2679 891 2724 cessero
927 2680 942 2724 τ

256 2865 265 2872 ¹
331 2773 458 2838 ‘Est
494 2765 725 2836 lubido
751 2765 1137 2846 ⁴orationem
1169 2765 1401 2836 audire
1440 2765 1727 2835 duorum
1769 2765 2119 2837 adfinium.

853 3052 1283 3142 SCENA
1347 3050 2003 3142 SECUNDA.

567 3277 1090 3368 LYSITELES,
1135 3281 1734 3364 LESBONICUS,
1782 3283 2245 3353 STASIMUS.

338 3511 485 3556 LYs.
526 3489 641 3554 Sta
680 3483 918 3566 inlicO,
953 3480 1092 3550 noli
1134 3481 1460 3566 avorsari,
1507 3505 1724 3573 neque
1762 3493 1827 3547 te
1866 3479 2261 3549 obcultassis
2295 3483 2490 3565 mihi„

338 3622 520 3667 masc.
561 3593 778 3665 Potin’
807 3607 884 3662 ut
915 3618 1022 3660 me
1054 3593 1149 3660 ire
1171 3645 1190 3679 ,
1217 3617 1354 3687 quo
1387 3591 1727 3692 profectus
1757 3612 1943 3678 sum,
1984 3591 2200 3659 sinas?
2230 3617 2374 3680 LYs.
2414 3597 2485 3664 Si
2576 3578 2588 3593 ⁸

629 3730 698 3770 m
745 3728 884 3770 rem
927 3717 1147 3784 tuam,

332 3817 728 3899 Lesbonice‚
773 3837 912 3881 esse
947 3810 1287 3897 videatur,
1323 3808 1553 3904 gloriae
1590 3823 1711 3911 aut
1742 3809 1963 3896 famae,
2001 3810 2234 3879 sinam.

416 4050 473 4100 9.
499 4000 782 4098 Frug'alior.
805 4027 981 4079 Homo
1005 4023 1150 4095 frugi
1169 4033 1248 4074 est
1268 4022 1364 4091 qui
1542 4037 1633 4088 19.
1678 4019 1746 4072 Ut
1786 4038 1953 4072 nomen
1988 4020 2135 4074 cluet.
2178 3997 2352 4093 Supra
2398 4026 2479 4092 11,

336 4131 450 4166 rem
475 4122 648 4181 auget.
1460 4105 1522 4166 ⁴,
1551 4099 1643 4168 95·
2265 4157 2274 4165 .

423 4209 446 4244 1
463 4209 516 4246 1.
539 4190 832 4260 Flagitium.
856 4186 979 4239 Cas·
998 4183 1102 4252 111,
1127 4201 1180 4249 a,
1212 4199 1299 4252 19.
1540 4181 1593 4234 3.
1626 4178 1832 4234 Glore‘oe.
1863 4179 2115 4251 Intellige
2139 4195 2372 4250 respectu.

2094 4279 2205 4348 26.
