3067 5017
799 438 1138 508 ACTUS
1185 442 1352 527 111,
1399 434 1928 519 SCENA--IIL
2338 451 2435 543 [⁴9
2504 518 2507 521 ,

293 580 461 627 ΜΝ.
498 554 646 627 Illic
680 556 886 627 homo
917 574 1016 629 est
1041 561 1158 653 qui
1196 561 1536 656 egreditur
1574 562 1747 633 leno.
1788 588 1990 635 com..
2028 568 2259 637 Bonus
2294 554 2436 659 est3

587 693 745 737 nam
786 669 1020 739 similis
1063 669 1240 740 malo
1279 686 1398 741 est.

291 780 441 847 Jam
477 804 659 848 nunc
689 804 814 873 ego
851 779 948 849 illi
991 781 1360 875 egredienti
1396 784 1788 878 sanguinem
1831 810 2140 881 exsugam
2176 789 2435 883 procul.

874 1036 1286 1175 SCENA
1349 998 1874 1130 TERTIA.

551 1258 865 1329 LYCUS
879 1311 900 1345 ‚
935 1216 1412 1330 ADVOCATI
1429 1308 1448 1347 ‚
1500 1262 2152 1337 COLLYBISCUS.

291 1486 444 1532 mc.
487 1464 524 1530 J
528 1485 634 1530 am
673 1462 844 1531 istuc
879 1486 1006 1555 ego
1041 1472 1380 1546 revortar,
1415 1456 1619 1529 Miles
1648 1487 1665 1530 ε
1695 1464 2005 1535 convivas
2040 1467 2191 1539 volo
2304 1504 2309 1511 ·

291 1573 614 1668 Reperire
649 1573 843 1641 nobis
888 1571 1258 1641 conmodos
1282 1623 1303 1657 ‚
1339 1570 1456 1664 qui
1501 1594 1639 1639 una
1679 1573 1891 1661 sient3

291 1682 574 1751 Inter-ibi
605 1680 1000 1751 adtulterint
1035 1696 1228 1768 exta3
1262 1694 1462 1773 atque
1499 1678 1731 1749 eadem
1766 1680 2078 1755 mulieres

287 1795 436 1861 Jam
479 1792 564 1861 ab
603 1818 674 1861 re
718 1792 983 1879 divina,
1017 1791 1258 1877 credo,
1303 1790 1725 1885 adparebunt
1764 1792 1969 1864 domi.

290 1901 421 1971 Sed
455 1901 619 1995 quid
651 1901 785 1970 huc
822 1916 1082 1971 tantum
1112 1900 1464 1970 hominum
1495 1901 1865 1973 incedunt?
1898 1908 2313 2001 ecquidnam.
2332 1916 2441 1985 ad-

582 2012 808 2080 ferunt
829 2012 859 2081 Ξ)

2352 2084 2357 2089 ,
2410 2048 2435 2086 ⁵

287 2123 376 2190 Et
407 2118 516 2190 ille
549 2120 1006 2215 chlamydatus
1039 2120 1348 2213 quisnam
1373 2120 1488 2208 'st,
1525 2122 1643 2215 qui
1675 2124 1981 2217 sequitur
2015 2130 2302 2222 procul?

288 2254 455 2301 ADV.
505 2228 706 2299 AEtoli
743 2230 944 2299 civeis
980 2243 1048 2298 te
1085 2228 1480 2318 salutamu8‚
1515 2234 1735 2325 Lycet

285 2343 711 2434 Quamquam
746 2340 922 2409 hanc
963 2338 1244 2409 salutem
1281 2340 1558 2409 ferimus
1597 2341 1791 2410 inviti
1827 2343 1986 2432 tibi,
2060 2369 2091 2385 ’-

285 2454 370 2521 Et
403 2474 808 2547 quamquam
849 2450 1020 2519 bene
1056 2448 1365 2519 volumus
1400 2449 1636 2519 leviter
1670 2448 2047 2525 lenonibus.

287 2586 439 2633 LYc.
477 2561 829 2631 Fortunati
867 2559 1122 2630 omneis
1155 2560 1338 2647 sitis,
1373 2558 1558 2653 quod
1594 2574 1775 2629 certe
1816 2562 1981 2630 seio.
2066 2612 2073 2627 .
2384 2600 2435 2631 n.
2506 2554 2511 2557 ¹

287 2721 456 2788 dunt,
506 2736 561 2775 et
617 2723 751 2776 alios
805 2722 955 2794 sequi
1001 2740 1056 2774 se
1100 2721 1310 2793 jubent.

285 2802 492 2856 Seurrae
535 2802 626 2855 hic
669 2815 792 2855 sunt
830 2802 1074 2873 homines
1114 2802 1311 2854 urbani

287 2874 444 2955 (quos
469 2882 686 2935 assiduos
712 2886 834 2934 cives
861 2882 919 2934 in
951 2881 1104 2935 Trin.
1130 2872 1318 2953 vocat)

285 2961 504 3015 militari
551 2962 834 3015 hominum
882 2962 1066 3033 generi
1109 2961 1312 3032 opponi

285 3041 579 3111 antiquitus
621 3042 763 3095 soliti
796 3061 810 3093 :
856 3054 918 3095 ut
965 3053 1018 3093 et
1056 3040 1308 3107 inferius,

286 3134 385 3175 aet.
410 3122 482 3186 V,
528 3120 580 3175 5.
609 3122 894 3175 Lunum.
935 3151 1016 3164 --
1060 3120 1309 3175 Rusticus

285 3200 560 3255 cavillator
591 3204 768 3255 nescio
797 3220 863 3253 an
885 3198 1089 3271 aliquid
1115 3218 1306 3273 parum

284 3278 656 3333 verecundum
707 3280 806 3333 sub
858 3281 944 3333 his
988 3276 1308 3333 intellexerit

284 3373 338 3414 et
355 3360 588 3413 voluerit
609 3360 852 3431 intelligi.
875 3360 944 3413 N.

369 3440 463 3493 36.
493 3440 662 3492 Bonus
697 3453 770 3491 est
781 3460 803 3502 ,·
835 3458 946 3491 nam
980 3438 1176 3504 similis,
1201 3450 1300 3492 ete.

283 3518 413 3571 Haec
458 3517 588 3589 quid
639 3517 742 3573 sibi
787 3519 1012 3583 vellent,
1053 3516 1306 3571 videntur

285 3597 550 3669 ignorasse
572 3599 904 3671 interpretes.
941 3596 1072 3651 Ideo
1106 3609 1302 3651 tacent.

285 3677 557 3732 Sententia
607 3693 686 3731 est
733 3697 747 3729 ε
803 3680 986 3733 Bonus
1044 3678 1163 3730 leno
1207 3689 1303 3731 est.

283 3758 444 3821 Nam,
466 3772 726 3827 quantum
749 3776 814 3811 ex
841 3759 995 3811 vultu
1018 3760 1132 3827 ejus
1153 3756 1305 3810 colli-

283 3855 352 3907 go
369 3874 386 3900 ,
419 3837 605 3905 similis
628 3838 980 3915 malogmalus
1001 3850 1097 3890 est.
1123 3838 1306 3889 Bonus

284 3916 408 3968 leno
431 3934 541 3969 esse
561 3925 677 3971 non
696 3912 892 3987 pote'st,
909 3917 1012 3970 nisi
1030 3915 1095 3968 sit
1114 3915 1301 3969 malus.

285 3996 470 4066 Bonus
497 3996 621 4049 leno
645 4015 774 4067 ergo
798 3994 1014 4060 dicitur,
1039 4008 1099 4047 ut
1130 3995 1304 4048 bonus

285 4088 456 4139 sutor,
485 4076 652 4130 miles.
682 4078 862 4134 Bonus
887 4076 1028 4127 enim
1052 4092 1164 4127 non
1185 4085 1303 4127 tan-

289 4166 406 4207 tum
444 4166 551 4219 est,
587 4155 682 4227 qui
707 4155 902 4209 virtute
923 4152 1166 4220 excellit,
1206 4150 1302 4207 sed

437 4258 581 4323 III.

1397 2722 1492 2795 qui
1523 2722 1581 2773 in
1620 2741 1685 2773 eo
1713 2720 1861 2793 quod
1889 2722 2042 2789 facit,
2076 2720 2189 2779 sive·
2224 2732 2427 2788 malum

1393 2802 1488 2867 id,
1521 2801 1633 2854 sive
1662 2802 1870 2853 bonum
1898 2802 2000 2867 sit,
2026 2804 2203 2859 virum
2234 2828 2346 2863 sese
2372 2825 2427 2865 et
2492 2794 2501 2804 ⁰

1394 2881 1653 2934 eximium
1692 2892 1925 2950 praestat.
1955 2884 2041 2935 Ex
2076 2886 2323 2957 ambigua
2354 2890 2427 2943 si.

1391 2961 1737 3031 gnificatione
1766 2966 1850 3012 τοῦ
1886 2960 2036 3015 bonus
2070 2978 2318 3034 captatur
2349 2971 2425 3039 jo-

1391 3059 1502 3093 cus.
1569 3039 1997 3111 subintelligitur
2055 3056 2235 3098 autem
2294 3049 2423 3103 leno.

1389 3120 1683 3173 Boxuorur.
1724 3120 2019 3175 ---Conf.
2049 3123 2197 3178 Asin.
2235 3128 2291 3189 Ι,
2340 3128 2371 3180 3
2396 3168 2413 3193 ,

1394 3219 1462 3255 υ
1498 3217 1512 3251 :
1552 3225 1575 3246 ι
1596 3197 1730 3253 Nam
1749 3218 1924 3271 neque
1948 3220 2171 3273 usquam
2198 3204 2383 3259 fictum
2404 3246 2421 3273 ,

1387 3296 1566 3351 neque
1592 3279 1826 3351 pictum,
1869 3298 2044 3351 neque
2069 3282 2327 3337 scribtum
2356 3283 2417 3339 in
2528 3286 2534 3291 '

1386 3358 1653 3429 poematis
1672 3390 1688 3418 ‚
1724 3356 1833 3409 Ubi
1858 3359 1975 3413 lena
1999 3362 2115 3414 bene
2138 3378 2257 3435 agat
2290 3383 2409 3437 quae
2500 3406 2503 3409 ,

1375 3440 1524 3508 frugi
1549 3456 1661 3490 esse
1688 3437 1799 3490 <volt
1820 3462 1869 3490 ι.
1899 3438 1963 3491 Ν.

1469 3519 1565 3587 37.
1582 3518 1775 3569 Procul.
1802 3516 1958 3571 Scen.
1978 3537 2092 3591 seq.
2120 3524 2175 3575 6.

1473 3620 1527 3652 2.
1563 3592 1833 3650 conmodos
1850 3636 1865 3663 ,
1901 3598 2097 3651 facetos
2114 3638 2130 3664 ,
2156 3602 2407 3657 urbanos.

1387 3672 1531 3735 Vide
1556 3674 1803 3729 Lambin.
1832 3674 1900 3729 ad
1925 3674 2058 3731 Hor.
2082 3677 2189 3733 Od.
2220 3683 2320 3748 IV,
2346 3685 2402 3737 8.

1471 3758 1524 3811 3.
1542 3755 1863 3821 Adtulen’nt,
1894 3754 2152 3811 adferent.
2180 3744 2265 3815 Cf.
2286 3763 2409 3817 Mil.

1385 3838 1434 3902 1,
1468 3855 1518 3902 1,
1546 3834 1633 3890 50.
1663 3866 1737 3877 —-
1773 3836 1928 3888 Exta.
1948 3834 2145 3907 Supra,
2172 3841 2247 3905 11,
2278 3859 2330 3910 ι,
2349 3845 2405 3897 8.

1387 3948 1468 3959 .-.
1495 3910 1703 3967 Eadem.
1728 3912 1921 3968 Bacch.
1949 3910 1996 3979 Ῑ,
2027 3934 2076 3981 1,
2096 3921 2301 3995 J5.,N.·'

1472 4000 1525 4048 6.
1552 3995 1752 4046 Procul.
1776 3994 1983 4067 Captiv.
2009 3996 2113 4064 IV,
2143 4018 2171 4050 2
2190 4037 2205 4064 ,
2231 4004 2288 4055 8.

1471 4094 1527 4145 7.
1552 4070 1720 4127 AEtolae‘
1744 4074 1885 4126 civeis
1899 4092 1921 4135 ‚⁰
1960 4094 2085 4137 nam
2114 4080 2281 4133 servis
2314 4100 2409 4153 pa-

1387 4173 1513 4210 rum
1540 4152 1826 4206 haberetur
1850 4152 1999 4207 fides.

2162 4259 2208 4340 4
