3067 5017
856 415 1193 488 ACTUS
1244 417 1362 522 11,
1412 417 1751 486 SCENA
1799 368 1925 485 v1'.

2337 419 2474 532 237

325 539 465 632 Qui
505 552 569 607 te
604 563 685 607 ex
722 536 971 608 insulso
1001 537 1246 608 salsum
1272 538 1413 608 feci
1446 563 1650 632 opera
1687 562 1854 609 mea.
1935 539 1944 546 ’

324 675 525 720 LABR.
553 649 742 739 Quin
773 664 847 718 tu
876 649 1083 718 hinc
1066 675 1123 718 1s
1150 675 1191 718 a
1224 673 1332 717 me
1368 650 1435 716 in
1465 672 1848 719 maxumam
1883 648 2130 720 m'alam
2165 654 2474 723 crucem?

325 783 607 832 cHAnM.
638 763 809 846 Eas;
838 783 1080 852 easque
1119 783 1219 828 res
1256 759 1535 853 agebam
1575 741 2026 831 commodum.
2417 783 2471 825 35
2577 849 2584 857 Ι

325 894 527 943 men.
560 869 790 953 Eheu,
829 871 979 962 quis
1014 870 1179 938 vivit
1215 894 1325 938 me
1362 867 1664 938 mortalis
1709 869 2057 940 miserior?

324 1004 600 1050 CHARM.
646 984 791 1073 Ego
827 977 1042 1048 multo
1086 995 1277 1050 tanto
1320 980 1650 1063 miserior,
1691 1003 1892 1073 quam
1935 996 2048 1069 tu,
2081 981 2370 1052 Labrax.

323 1113 527 1160 nnn.
568 1086 757 1178 Qui?
788 1111 1061 1162 cumn.
1102 1090 1283 1180 Quia
1320 1115 1447 1184 ego
1484 1088 1804 1183 indignus
1841 1095 2026 1178 sum',
2067 1106 2142 1160 tu
2186 1092 2467 1186 dignus,

614 1198 731 1291 qui
770 1197 915 1268 sies·

322 1331 525 1376 men.
568 1310 633 1377 Ο
670 1308 887 1400 scirpe
920 1361 941 1394 ‚
978 1307 1237 1401 scirpe2
1259 1306 1459 1376 laudo
1496 1306 1803 1377 fortunas
1847 1323 2026 1397 tuae,
2379 1391 2386 1398 ⁶

323 1418 460 1507 Qui
500 1442 763 1511 semper
798 1441 1016 1486 servas
1063 1416 1345 1511 gloriam
1378 1418 1755 1488 aritudiniS.
2413 1446 2466 1490 4·

325 1550 600 1597 cuum.
644 1521 972 1620 Equidem
1012 1553 1119 1596 me
1155 1527 1241 1596 ad
1279 1526 1733 1598 velitationem
1771 1553 2077 1600 exerceo:

322 1639 495 1708 Nam
540 1637 766 1706 omnia
803 1661 1078 1706 corusca
1118 1647 1257 1730 p'rae
1295 1651 1584 1706 tremore
1617 1636 1899 1706 fabulor.

323 1770 523 1816 LABR.
564 1745 859 1840 Edepol,
896 1748 1251 1840 Neptune,
1298 1771 1368 1816 es
1408 1745 1760 1816 balneator
1794 1746 2126 1842 frigidus:

324 1860 498 1926 Cum
542 1858 949 1926 vestimentis
983 1871 1416 1951 posteaquam
1454 1857 1574 1924 abs
1612 1870 1678 1925 te
1714 1857 1890 1945 abii,
1919 1857 2134 1952 algeo,

321 1969 425 2038 Ne
462 1966 979 2061 thermopolium
1014 1966 1306 2062 quidem'
1328 1965 1541 2036 ullum
1587 1966 1896 2056 instruit3
2409 1987 2462 2036 ⁴⁵

321 2081 423 2146 Ita
469 2075 707 2146 salsam
751 2077 1003 2170 praebet.
1039 2077 1382 2171 potionem
1421 2091 1489 2144 et
1531 2074 1872 2170 frigidam.

321 2209 595 2256 CHARM.
636 2190 733 2256 Ut
766 2186 1092 2254 fortunati
1126 2185 1494 2254 sunt2fabri
1530 2185 1826 2274 ferrarii,

322 2299 460 2388 Qui
495 2293 685 2392 'apud
721 2298 1043 2366 carbones
1079 2293 1420 2366 adsident!
1464 2321 1725 2391 semper
1759 2294 1998 2370 calent.

322 2431 530 2477 LABR.
570 2408 851 2479 Utinam
887 2407 1157 2476 fortuna
1189 2432 1372 2492 nunc
1409 2408 1682 2475 anatina
1716 2421 1973 2493 uterer,
2015 2427 2026 2448 ··

406 2579 501 2633 33.
533 2577 743 2632 Sacrum,
776 2580 941 2632 Jocus
968 2599 1034 2632 ex
1070 2580 1337 2650 ambiguo.

322 2657 516 2710 Salsum
536 2658 679 2712 enim
702 2671 757 2711 et
781 2663 1042 2712 urbanum
1065 2660 1345 2731 significat,

324 2751 379 2791 et
400 2756 543 2810 equa
565 2739 767 2791 marina
790 2739 1079 2792 imbutum.
1114 2741 1294 2792 Luna.

406 2819 501 2872 3⁵.
524 2820 631 2870 Eas
644 2839 666 2880 ,-
682 2837 854 2890 easque
874 2837 966 2872 res.
989 2817 1249 2873 Mendosa
1270 2832 1347 2873 est

322 2899 422 2950 scri
430 2911 589 2970 ptura
608 2897 811 2951 codicis
828 2899 1119 2952 camerarii
1144 2917 1158 2953 ε
1198 2925 1220 2948 ιι
1245 2901 1347 2952 Dat

324 2995 517 3050 easque
544 2997 629 3032 res
654 3005 704 3030 ι.
750 2978 865 3032 Nec
892 2978 1051 3032 etiam
1080 2980 1253 3050 probo
1280 2997 1345 3033 ex

323 3058 530 3129 allegi,
566 3077 741 3111 «meas
757 3071 979 3129 tuasque
998 3077 1082 3110 res
1108 3084 1158 3111 ι.
1192 3057 1349 3112 Nun-

322 3155 481 3208 quam
524 3151 725 3191 veteres
762 3138 1203 3208 imprecationem
1244 3139 1347 3192 sibi

322 3217 516 3270 factam
544 3218 754 3271 tacitam
786 3218 1191 3288 praeterierunt,
1216 3220 1345 3289 quin

322 3311 628 3367 regerer-ent
662 3297 719 3350 in
766 3310 931 3368 caput
957 3301 1069 3367 ejus
1108 3300 1200 3368 qui
1230 3315 1345 3350 eam

322 3377 545 3431 fecisset.
564 3377 747 3442 Quum
768 3377 934 3448 igitur
954 3373 1161 3430 Babrax
1183 3377 1349 3431 Char-

324 3454 460 3508 midi
492 3453 741 3520 dixisset,
766 3481 787 3502 ·
806 3457 955 3522 Quin
981 3457 1025 3509 is
1054 3457 1182 3510 hinc
1207 3477 1237 3510 a
1259 3476 1347 3510 me

324 3534 383 3587 in
438 3553 743 3588 maxumam
796 3537 986 3588 malam
1032 3555 1250 3590 crucem
1281 3563 1304 3585 ι
1328 3576 1343 3602 ,

324 3612 617 3684 respondet
662 3613 977 3668 Charmides
995 3654 1010 3680 ,
1075 3635 1156 3668 eas
1174 3657 1189 3680 ,
1253 3615 1347 3670 sed

324 3693 579 3762 figurate,
603 3695 751 3763 quasi
778 3695 885 3746 alio
911 3713 1067 3748 sensu
1094 3694 1232 3749 illud
1265 3717 1347 3748 eas
1389 3753 1393 3757 .

328 3771 563 3838 diceret,
606 3773 801 3843 repetit
829 3791 888 3826 ac
912 3772 1077 3838 dixit,
1112 3794 1349 3847 «easque

324 3869 411 3905 res
438 3852 661 3922 agebam
694 3851 1083 3906 commodum
1109 3853 1212 3918 ,id
1240 3867 1347 3918 est,

328 3949 415 3984 eas
440 3951 526 3985 res
552 3932 769 4002 agebam
804 3919 1179 3998 commodum,
1209 3935 1265 3986 h.
1297 3953 1346 3985 e.

324 4009 384 4063 id
412 4013 631 4083 agebam
664 4024 722 4065 ut
762 4031 791 4064 a
826 4025 881 4065 te
910 4012 1135 4066 abirem.
1176 4015 1349 4085 Hujus

325 4089 609 4145 locutionis
624 4091 883 4162 figuratae,
896 4111 1001 4168 qua
1015 4092 1291 4186 regei-itur·
1292 4093 1348 4144 in

329 4166 597 4225 dicentem
621 4171 919 4227 maledictio
944 4183 996 4226 et
1018 4171 1349 4244 imprecatio,

1432 2581 1602 2632 multa
1627 2580 1868 2650 exempla
1895 2561 2456 2649 reperiuntur.·Sam.

1432 2661 1666 2724 —Eas,
1693 2659 1805 2711 imo
1832 2673 1883 2711 te
1909 2659 1966 2710 in
1997 2677 2213 2712 crucem
2242 2660 2455 2714 malam.

1516 2739 1610 2808 39.
1643 2739 1694 2792 0
1717 2731 1884 2809 scit-pe.
1905 2739 2053 2790 Leno
2075 2757 2134 2790 se
2149 2757 2262 2808 prae
2283 2740 2462 2810 scirpo

1432 2820 1754 2885 contemnit;
1791 2818 1911 2890 quia
1933 2818 1979 2870 si
2001 2818 2107 2870 suis
2139 2817 2295 2872 bonis
2327 2836 2458 2872 con·-

1432 2911 1641 2962 tentus‚
1686 2911 1746 2952 ut
1785 2898 1991 2968 scirpus
2039 2896 2285 2951 ariditate
2331 2915 2424 2951 sua
2441 2937 2458 2966 ,

1434 2979 1647 3041 fuisset,
1690 2996 1969 3050 nunquam
2011 2996 2077 3031 eo
2115 2978 2455 3031 miseriarum

1432 3058 1678 3112 venisset.
1707 3054 2214 3110 smera—Laudat
2241 3058 2297 3110 in
2323 3059 2457 3111 scir-

1432 3157 1540 3209 po,
1587 3136 1734 3209 quod
1783 3155 1852 3190 ne
1895 3137 1952 3188 in
2000 3135 2191 3189 mediis
2239 3137 2457 3208 quidem

1434 3218 1584 3290 aquis
1613 3229 1846 3271 uvescat.
1879 3216 2063 3270 Gnur.

1520 3304 1614 3360 4²·
1661 3297 1876 3350 Coe-usca
1902 3296 2122 3364 fabulor.
2163 3293 2464 3350 coruscant

1432 3395 1555 3448 quae
1585 3375 1842 3429 motando
1872 3374 2121 3428 videntur
2146 3369 2486 3440 scintillare,'

1429 3469 1492 3510 ut
1520 3470 1666 3510 mota
1693 3456 1862 3508 ventis
1894 3455 2047 3520 folia,
2071 3455 2225 3526 Virg.
2253 3457 2377 3508 AEn.
2397 3455 2458 3518 1,

1444 3541 1587 3602 1643
1628 3537 1769 3601 ΧΗ,
1814 3553 1946 3606 7οῐ.
1973 3535 2146 3605 Igitur
2182 3535 2276 3605 qui
2317 3551 2464 3586 nunc

1432 3636 1546 3688 prae
1574 3616 1774 3687 frigore
1803 3627 2038 3667 tremens
2057 3653 2074 3678 ‚
2113 3625 2167 3666 et
2195 3615 2460 3684 crepitans

1434 3695 1696 3749 dentibus
1729 3694 1889 3747 verba
1909 3693 2180 3763 singultim
2205 3692 2462 3764 lapsantia

1433 3775 1694 3841 balbutit,
1719 3773 2029 3846 joculariter
2057 3790 2113 3824 se
2136 3771 2267 3825 dicit
2285 3772 2464 3825 verbis

1436 3873 1754 3918 coruscare,
1809 3866 1867 3904 ut
1909 3852 2256 3905 mucronibus
2303 3870 2467 3905 coru-

1434 3947 1583 3988 scant
1607 3934 1702 4006 qui
1724 3933 2030 3985 velitamur
2056 3931 2122 3984 N.

1520 4014 1614 4076 45.
1647 4013 2046 4079 Ther-mapalium.
2068 4009 2213 4063 Vide
2239 4011 2460 4065 Curcul.

1436 4095 1513 4159 II,
1541 4093 1594 4157 3,
1622 4093 1716 4158 133
1745 4092 1901 4144 Trin.
1929 4093 2029 4155 IV,
2061 4090 2117 4144 3.

1522 4179 1616 4240 49.
1636 4171 1684 4224 F
1679 4184 1854 4224 omma
1872 4174 2094 4224 anatim.
2109 4173 2306 4228 Anates
2323 4168 2467 4222 enim
