3067 5017
928 519 1628 550 mmmmm
1637 520 1944 543 §mnn-

660 738 1159 863 ACT'US
1230 688 2096 857 SECUNDUS.

860 1204 1319 1301 scENA
1378 1160 1910 1295 PRIMA.-

272 1460 1015 1546 MANDROGERUS‚
1028 1452 1517 1527 SYCOPHAN
1518 1451 1662 1539 TA
1683 1450 2440 1525 SARDANAPALUS.

276 1742 564 1791 anunn-
572 1614 971 1791 Μυιτιιιι
1018 1736 1161 1783 sese
1206 1710 1419 1805 aliqui
1467 1706 1748 1779 laudant
1791 1709 1909 1804 qui
1943 1708 2052 1779 vel
2101 1726 2444 1808 pugnaces

274 1830 453 1901 feras
494 1827 601 1898 vel
650 1826 922 1921 fugaces
964 1822 1255 1909 bestias»,
1290 1834 1410 1890 aut
1450 1819 1755 1915 vestigiis
1793 1820 2284 1915 insequuntur,
2317 1832 2441 1895 aut

272 1938 613 2010 cubilibus
662 1933 1223 2031 deprehendunt,
1276 1945 1398 2001 aut
1452 1952 1618 1999 casu
1674 1930 2098 2023 opprimunt.
2159 1933 2442 2024 Quanto

276 2049 448 2118 mihi
490 2046 707 2141 majus
742 2058 847 2114 est
886 2032 1236 2137 ingenium
1270 2053 1339 2109 et
1373 2037 1671 2127 lucrum,
1707 2040 1828 2133 qui
1871 2038 2180 2111 homines
2229 2068 2445 2115 venor

275 2156 593 2253 publice?
637 2154 773 2225 sed
808 2178 979 2248 quos
1020 2148 1375 2219 homines?
1420 2149 1666 2218 divites
1704 2163 1780 2217 et
1821 2164 2132 2244 potentes
2175 2166 2244 2222 et
2281 2153 2435 2225 lite-

274 2284 461 2338 ratos
530 2264 841 2336 maxime.
922 2260 1419 2355 Mandrogerus
1495 2284 1628 2352 ego
1703 2282 1896 2348 sum,
1979 2264 2433 2354 parasitorum

278 2378 584 2455 omnium
600 2375 801 2471 longe
820 2370 1430 2470 praestantissimus.
1452 2367 1626 2439 Aula
1647 2366 1954 2462 quaedam
1973 2370 2086 2440 hic
2097 2372 2304 2465 jacet,
2319 2398 2442 2446 cu-

270 2488 386 2583 jus
409 2488 688 2558 odorem
716 2484 885 2553 mihi
922 2498 1109 2551 trans
1142 2480 1358 2549 maria
1392 2482 1632 2549 ventus
1669 2476 1937 2547 detulit.
1979 2481 2244 2552 Cedant
2263 2485 2441 2578 juris

276 2598 661 2669 conditores
698 2620 715 2664 τ
768 2592 1016 2662 cedant
1067 2591 1297 2660 omnia
1356 2584 1733 2685 coq'uorum
1796 2589 2068 2685 ingenia
2119 2618 2138 2661 τ
2189 2594 2436 2665 cedant

276 2707 480 2802 Apici
528 2700 807 2774 fercula.
855 2702 1079 2795 Hujus
1122 2698 1271 2769 ollae
1312 2700 1666 2769 conditum
1709 2698 1889 2769 solus
1929 2702 2124 2770 scivit
2169 2704 2435 2777 Euclio.

277 2816 469 2907 Quid
494 2811 883 2888 miramini?
912 2813 1176 2880 Aurum
1214 2823 1317 2878 est
1335 2860 1354 2895 ‚
1382 2809 1567 2903 quod
1605 2834 1854 2905 sequor
1883 2837 1900 2882 ε
1931 2811 2062 2881 hoc
2091 2826 2225 2902 est,
2253 2816 2439 2910 quod

277 2927 461 2998 ultra
485 2925 698 2995 maria
720 2938 788 2993 et
822 2936 1033 2990 terras
1068 2918 1226 2988 olet.
1253 2918 1442 3007 Quid
1468 2918 1555 2987 a'd
1577 2919 1722 2988 haec
1745 2944 1866 2989 vos
1907 2920 2161 3009 dicitis,
2187 2924 2440 2995 novelli

276 3052 483 3131 atquc
497 3034 897 3129 incipientes
926 3052 1111 3098 nunc
1126 3026 1307 3096 mei?
1342 3028 1644 3117 Quando
1669 3026 1816 3099 haec
1839 3029 2094 3100 discere
2117 3031 2444 3127 potestis?

280 3145 555 3242 quando
590 3145 687 3213 sic
725 3135 1167 3233 intellegetis?
1202 3136 1479 3230 quando
1518 3138 1618 3207 sic
1649 3138 2017 3209 docebitis?
2051 3161 2206 3213 src.
2235 3146 2444 3239 Atqui

280 3259 337 3327 si
376 3256 547 3325 scias
575 3307 597 3342 ‚
654 3250 1148 3343 Mundi-ogerus
1201 3260 1475 3333 noster,
1526 3244 1728 3341 quaie
1783 3262 2056 3343 egomet
2103 3254 2444 3325 somnium

280 3368 411 3436 hac
452 3378 653 3433 nocte
690 3360 852 3431 vidi.
901 3381 1186 3429 ΜΑιιιιιι.
1226 3358 1398 3444 Dic,
1430 3356 1753 3446 obsecro,
1794 3360 1853 3427 si
1907 3360 2074 3455 quid
2119 3378 2221 3432 est
2257 3364 2442 3436 boni.

280 3500 429 3549 stc.
485 3478 701 3547 Nocte
737 3472 869 3539 'hac
920 3467 1231 3538 videbam
1273 3468 1702 3556 thesaurum,
1767 3492 1970 3563 quem
2009 3474 2447 3567 sperabamus

282 3587 481 3657 nobis
500 3583 760 3675 venisse
786 3582 858 3649 in
894 3601 1157 3648 manus.
1199 3602 1483 3648 ΜΑΝιιιι.
1503 3574 1696 3668 Ωἰιὶἆ
1723 3580 1918 3652 tuin?
1942 3606 2090 3653 πο.
2115 3584 2448 3656 Videbam

282 3722 365 3768 ex
385 3710 578 3791 parte
604 3692 873 3763 solidos,
897 3712 1182 3759 MANDR.
1211 3693 1319 3758 Ha
1340 3741 1359 3775 ‚
1390 3688 1577 3757 istud
1601 3714 1742 3757 non
1780 3688 2024 3785 placet.
2057 3710 2216 3765 sito.
2234 3694 2450 3766 Ebant

282 3822 607 3904 praeterea
644 3798 949 3872 uncinuli
1002 3798 1299 3885 hamati,
1344 3812 1622 3892 torques
1653 3814 1723 3867 et
1759 3801 2114 3871 catenulae.
2162 3820 2450 3879 MARDR.

281 3917 441 4003 Dic,
475 3931 737 4009 quaeso,
770 3908 995 4003 aliqua
1028 3908 1311 4000 insuper
1333 3930 1477 3975 non
1514 3909 1868 3977 somniasti
1897 3909 2166 3981 vincula
2199 3928 2267 3984 et
2303 3942 2458 3988 ver-

283 4025 494 4096 bera?
531 4046 735 4095 snm.
763 4014 1443 4103 Infaustum‚hcrclc‚
1480 4016 1872 4091 hominem!
1906 4019 2128 4091 solum
2167 4022 2281 4095 hic
2323 4052 2462 4100 non

286 4135 461 4205 vidit
504 4155 857 4204 carcerem.
902 4128 1055 4197 Ohe
1090 4127 1296 4195 horno
1318 4124 1756 4221 prodigiose,
1799 4152 1927 4224 ego
1980 4144 2046 4201 te
2091 4132 2236 4225 jam
2282 4160 2471 4210 nunc

290 4244 581 4340 explodo
618 4264 773 4313 cum
812 4236 1031 4309 verbis
1067 4238 1219 4305 tuis.
1268 4238 1485 4312 Nocte
1536 4237 1662 4307 ista
1715 4262 1845 4334 ego
1873 4241 2215 4313 insomnis
2268 4246 2471 4319 funus

2110 4352 2224 4424 36.
