<?xml version="1.0" encoding="UTF-8"?>
<!DOCTYPE html PUBLIC "-//W3C//DTD XHTML 1.0 Transitional//EN"
    "http://www.w3.org/TR/xhtml1/DTD/xhtml1-transitional.dtd">
<html xmlns="http://www.w3.org/1999/xhtml" xml:lang="en" lang="en">
 <head>
  <title>
</title>
<meta http-equiv="Content-Type" content="text/html;charset=utf-8" />
  <meta name='ocr-system' content='tesseract 3.04.00' />
  <meta name='ocr-capabilities' content='ocr_page ocr_carea ocr_par ocr_line ocrx_word'/>
</head>
<body>
  <div class='ocr_page' id='page_1' title='image "./macciiplauticom00naudgoog_0569.png"; bbox 0 0 3067 5017; ppageno 0'>
   <div class='ocr_carea' id='block_1_1' title="bbox 816 380 2399 521">
    <p class='ocr_par' dir='ltr' id='par_1_1' title="bbox 816 380 2399 521">
     <span class='ocr_line' id='line_1_1' title="bbox 816 380 2399 521; baseline 0.003 -19"><span class='ocrx_word' id='word_1_1' title='bbox 816 380 1277 521; x_wconf 62' lang='lat' dir='ltr'><strong>Acrem,</strong></span> <span class='ocrx_word' id='word_1_2' title='bbox 1328 433 1656 502; x_wconf 73' lang='lat' dir='ltr'><strong>scENA</strong></span> <span class='ocrx_word' id='word_1_3' title='bbox 1707 434 1857 503; x_wconf 84' lang='lat'>111.</span> <span class='ocrx_word' id='word_1_4' title='bbox 2270 434 2399 506; x_wconf 82' lang='lat'><strong>561</strong></span> 
     </span>
    </p>
   </div>
   <div class='ocr_carea' id='block_1_2' title="bbox 252 552 2434 1529">
    <p class='ocr_par' dir='ltr' id='par_1_2' title="bbox 252 552 2434 1529">
     <span class='ocr_line' id='line_1_2' title="bbox 262 552 2408 649; baseline -0 -21"><span class='ocrx_word' id='word_1_5' title='bbox 262 559 587 628; x_wconf 81' lang='lat' dir='ltr'><strong>fenestras</strong></span> <span class='ocrx_word' id='word_1_6' title='bbox 611 553 970 623; x_wconf 78' lang='lat' dir='ltr'><strong>clausero?</strong></span> <span class='ocrx_word' id='word_1_7' title='bbox 994 578 1131 623; x_wconf 74' lang='lat' dir='ltr'><strong>LAR</strong></span> <span class='ocrx_word' id='word_1_8' title='bbox 1164 578 1341 623; x_wconf 76' lang='lat' dir='ltr'><strong>FAM.</strong></span> <span class='ocrx_word' id='word_1_9' title='bbox 1382 556 1447 621; x_wconf 91' lang='lat' dir='ltr'>O</span> <span class='ocrx_word' id='word_1_10' title='bbox 1470 552 1673 623; x_wconf 90' lang='lat' dir='ltr'><strong>stulte</strong></span> <span class='ocrx_word' id='word_1_11' title='bbox 1698 552 1936 623; x_wconf 85' lang='lat' dir='ltr'><strong>homo!</strong></span> <span class='ocrx_word' id='word_1_12' title='bbox 1975 556 2163 649; x_wconf 75' lang='lat' dir='ltr'><strong>prius</strong></span> <span class='ocrx_word' id='word_1_13' title='bbox 2200 572 2408 627; x_wconf 79' lang='lat' dir='ltr'><strong>estut</strong></span> 
     </span>
     <span class='ocr_line' id='line_1_3' title="bbox 260 662 2401 761; baseline -0 -25"><span class='ocrx_word' id='word_1_14' title='bbox 260 668 361 736; x_wconf 81' lang='lat' dir='ltr'><strong>hae</strong></span> <span class='ocrx_word' id='word_1_15' title='bbox 400 680 711 761; x_wconf 88' lang='lat' dir='ltr'><strong>pateant,</strong></span> <span class='ocrx_word' id='word_1_16' title='bbox 752 666 1027 757; x_wconf 87' lang='lat' dir='ltr'><strong>ipsaque</strong></span> <span class='ocrx_word' id='word_1_17' title='bbox 1067 688 1208 731; x_wconf 92' lang='lat' dir='ltr'><strong>sese</strong></span> <span class='ocrx_word' id='word_1_18' title='bbox 1244 662 1437 730; x_wconf 88' lang='lat' dir='ltr'><strong>tellus</strong></span> <span class='ocrx_word' id='word_1_19' title='bbox 1480 663 1776 755; x_wconf 90' lang='lat' dir='ltr'><strong>aperiat,</strong></span> <span class='ocrx_word' id='word_1_20' title='bbox 1814 688 2014 757; x_wconf 90' lang='lat' dir='ltr'><strong>quam</strong></span> <span class='ocrx_word' id='word_1_21' title='bbox 2063 681 2136 734; x_wconf 90' lang='lat' dir='ltr'><strong>ut</strong></span> <span class='ocrx_word' id='word_1_22' title='bbox 2175 680 2245 733; x_wconf 88' lang='lat' dir='ltr'><strong>tu</strong></span> <span class='ocrx_word' id='word_1_23' title='bbox 2288 694 2401 735; x_wconf 85' lang='lat' dir='ltr'><strong>ex-</strong></span> 
     </span>
     <span class='ocr_line' id='line_1_4' title="bbox 256 772 2403 867; baseline 0 -20"><span class='ocrx_word' id='word_1_24' title='bbox 256 776 491 847; x_wconf 89' lang='lat' dir='ltr'><strong>cludas</strong></span> <span class='ocrx_word' id='word_1_25' title='bbox 529 774 635 844; x_wconf 89' lang='lat' dir='ltr'><strong>vel</strong></span> <span class='ocrx_word' id='word_1_26' title='bbox 684 775 1115 860; x_wconf 79' lang='lat' dir='ltr'><strong>submoveaS,</strong></span> <span class='ocrx_word' id='word_1_27' title='bbox 1172 772 1359 866; x_wconf 91' lang='lat' dir='ltr'><strong>quod</strong></span> <span class='ocrx_word' id='word_1_28' title='bbox 1401 773 1649 842; x_wconf 86' lang='lat' dir='ltr'><strong>mutari</strong></span> <span class='ocrx_word' id='word_1_29' title='bbox 1713 798 1852 841; x_wconf 91' lang='lat' dir='ltr'><strong>non</strong></span> <span class='ocrx_word' id='word_1_30' title='bbox 1906 790 2144 867; x_wconf 86' lang='lat' dir='ltr'><strong>potest.</strong></span> <span class='ocrx_word' id='word_1_31' title='bbox 2194 801 2403 859; x_wconf 78' lang='lat' dir='ltr'><strong>QUER.</strong></span> 
     </span>
     <span class='ocr_line' id='line_1_5' title="bbox 255 882 2401 981; baseline 0 -26"><span class='ocrx_word' id='word_1_32' title='bbox 255 888 477 981; x_wconf 84' lang='lat' dir='ltr'>Igitur</span> <span class='ocrx_word' id='word_1_33' title='bbox 494 898 823 979; x_wconf 89' lang='lat' dir='ltr'><strong>quantum</strong></span> <span class='ocrx_word' id='word_1_34' title='bbox 845 882 1163 977; x_wconf 83' lang='lat' dir='ltr'>intellego</span> <span class='ocrx_word' id='word_1_35' title='bbox 1184 936 1202 969; x_wconf 90' lang='lat'><strong>,</strong></span> <span class='ocrx_word' id='word_1_36' title='bbox 1224 908 1361 952; x_wconf 89' lang='lat' dir='ltr'><strong>non</strong></span> <span class='ocrx_word' id='word_1_37' title='bbox 1386 883 1550 951; x_wconf 88' lang='lat' dir='ltr'><strong>mihi</strong></span> <span class='ocrx_word' id='word_1_38' title='bbox 1575 898 1952 977; x_wconf 76' lang='lat' dir='ltr'><strong>praestatur,</strong></span> <span class='ocrx_word' id='word_1_39' title='bbox 1991 886 2173 978; x_wconf 89' lang='lat' dir='ltr'><strong>quod</strong></span> <span class='ocrx_word' id='word_1_40' title='bbox 2198 887 2401 956; x_wconf 83' lang='lat' dir='ltr'><strong>velim</strong></span> 
     </span>
     <span class='ocr_line' id='line_1_6' title="bbox 256 994 2434 1089; baseline 0.001 -24"><span class='ocrx_word' id='word_1_41' title='bbox 256 995 469 1065; x_wconf 91' lang='lat' dir='ltr'><strong>nolim</strong></span> <span class='ocrx_word' id='word_1_42' title='bbox 488 994 881 1065; x_wconf 87' lang='lat' dir='ltr'><strong>faciundum</strong></span> <span class='ocrx_word' id='word_1_43' title='bbox 903 1008 1019 1063; x_wconf 89' lang='lat' dir='ltr'><strong>est.</strong></span> <span class='ocrx_word' id='word_1_44' title='bbox 1037 1018 1177 1063; x_wconf 74' lang='lat' dir='ltr'><strong>LAR</strong></span> <span class='ocrx_word' id='word_1_45' title='bbox 1201 1016 1369 1062; x_wconf 69' lang='grc' dir='ltr'><strong>ΒΑΜ.</strong></span> <span class='ocrx_word' id='word_1_46' title='bbox 1395 996 1632 1087; x_wconf 85' lang='lat' dir='ltr'><strong>Neque</strong></span> <span class='ocrx_word' id='word_1_47' title='bbox 1666 1019 1790 1088; x_wconf 84' lang='lat' dir='ltr'><strong>ego</strong></span> <span class='ocrx_word' id='word_1_48' title='bbox 1817 994 1883 1063; x_wconf 91' lang='lat' dir='ltr'><strong>id</strong></span> <span class='ocrx_word' id='word_1_49' title='bbox 1913 999 2404 1089; x_wconf 81' lang='lat' dir='ltr'>exspectabam,</span> <span class='ocrx_word' id='word_1_50' title='bbox 2431 1064 2434 1067; x_wconf 81' lang='grc'>,</span> 
     </span>
     <span class='ocr_line' id='line_1_7' title="bbox 255 1102 2401 1199; baseline 0 -24"><span class='ocrx_word' id='word_1_51' title='bbox 255 1122 333 1175; x_wconf 89' lang='lat' dir='ltr'><strong>ut</strong></span> <span class='ocrx_word' id='word_1_52' title='bbox 395 1105 643 1199; x_wconf 84' lang='lat' dir='ltr'><strong>gratias</strong></span> <span class='ocrx_word' id='word_1_53' title='bbox 706 1128 933 1197; x_wconf 83' lang='lat' dir='ltr'><strong>ageres</strong></span> <span class='ocrx_word' id='word_1_54' title='bbox 956 1156 975 1187; x_wconf 90' lang='lat'><strong>‚</strong></span> <span class='ocrx_word' id='word_1_55' title='bbox 1032 1102 1147 1171; x_wconf 93' lang='lat' dir='ltr'><strong>sed</strong></span> <span class='ocrx_word' id='word_1_56' title='bbox 1210 1118 1286 1171; x_wconf 91' lang='lat' dir='ltr'><strong>ut</strong></span> <span class='ocrx_word' id='word_1_57' title='bbox 1346 1102 1726 1191; x_wconf 84' lang='lat' dir='ltr'><strong>Querolum</strong></span> <span class='ocrx_word' id='word_1_58' title='bbox 1784 1118 1848 1171; x_wconf 88' lang='lat' dir='ltr'><strong>te</strong></span> <span class='ocrx_word' id='word_1_59' title='bbox 1911 1122 2252 1175; x_wconf 88' lang='lat' dir='ltr'><strong>constaret</strong></span> <span class='ocrx_word' id='word_1_60' title='bbox 2329 1109 2401 1177; x_wconf 90' lang='lat' dir='ltr'><strong>in</strong></span> 
     </span>
     <span class='ocr_line' id='line_1_8' title="bbox 254 1214 2404 1306; baseline 0 -22"><span class='ocrx_word' id='word_1_61' title='bbox 254 1216 591 1285; x_wconf 86' lang='lat' dir='ltr'><strong>omnibus.</strong></span> <span class='ocrx_word' id='word_1_62' title='bbox 630 1238 845 1296; x_wconf 82' lang='lat' dir='ltr'><strong>QUER.</strong></span> <span class='ocrx_word' id='word_1_63' title='bbox 884 1216 995 1293; x_wconf 52' lang='lat' dir='ltr'><strong>Tu„</strong></span> <span class='ocrx_word' id='word_1_64' title='bbox 1027 1237 1211 1281; x_wconf 88' lang='lat' dir='ltr'><strong>nunc</strong></span> <span class='ocrx_word' id='word_1_65' title='bbox 1250 1238 1384 1306; x_wconf 90' lang='lat' dir='ltr'><strong>quo</strong></span> <span class='ocrx_word' id='word_1_66' title='bbox 1416 1214 1682 1282; x_wconf 83' lang='lat' dir='ltr'><strong>tendis?</strong></span> <span class='ocrx_word' id='word_1_67' title='bbox 1719 1237 1857 1282; x_wconf 59' lang='grc' dir='ltr'><strong>ΕΑΒ</strong></span> <span class='ocrx_word' id='word_1_68' title='bbox 1897 1238 2070 1283; x_wconf 79' lang='lat' dir='ltr'><strong>EAM.</strong></span> <span class='ocrx_word' id='word_1_69' title='bbox 2111 1217 2191 1283; x_wconf 91' lang='lat' dir='ltr'><strong>In</strong></span> <span class='ocrx_word' id='word_1_70' title='bbox 2232 1216 2404 1285; x_wconf 87' lang='lat' dir='ltr'><strong>aedes</strong></span> 
     </span>
     <span class='ocr_line' id='line_1_9' title="bbox 254 1323 2402 1421; baseline 0.001 -27"><span class='ocrx_word' id='word_1_71' title='bbox 254 1345 443 1412; x_wconf 83' lang='lat' dir='ltr'><strong>tuaS,</strong></span> <span class='ocrx_word' id='word_1_72' title='bbox 482 1326 689 1393; x_wconf 91' lang='lat' dir='ltr'><strong>immo</strong></span> <span class='ocrx_word' id='word_1_73' title='bbox 728 1340 990 1393; x_wconf 86' lang='lat' dir='ltr'><strong>nost-ras</strong></span> <span class='ocrx_word' id='word_1_74' title='bbox 1036 1349 1143 1392; x_wconf 91' lang='lat' dir='ltr'><strong>me</strong></span> <span class='ocrx_word' id='word_1_75' title='bbox 1185 1323 1438 1417; x_wconf 83' lang='lat' dir='ltr'>recipio</span> <span class='ocrx_word' id='word_1_76' title='bbox 1476 1350 1491 1392; x_wconf 76' lang='grc' dir='ltr'><strong><em>ε</em></strong></span> <span class='ocrx_word' id='word_1_77' title='bbox 1545 1323 1702 1392; x_wconf 89' lang='lat' dir='ltr'><strong>inde</strong></span> <span class='ocrx_word' id='word_1_78' title='bbox 1736 1324 1855 1421; x_wconf 63' lang='lat' dir='ltr'><strong>=ibo</strong></span> <span class='ocrx_word' id='word_1_79' title='bbox 1891 1351 2026 1418; x_wconf 91' lang='lat' dir='ltr'><strong>quo</strong></span> <span class='ocrx_word' id='word_1_80' title='bbox 2069 1324 2248 1395; x_wconf 90' lang='lat' dir='ltr'><strong>libet.</strong></span> <span class='ocrx_word' id='word_1_81' title='bbox 2296 1330 2402 1396; x_wconf 90' lang='lat' dir='ltr'><strong>Ita</strong></span> 
     </span>
     <span class='ocr_line' id='line_1_10' title="bbox 252 1433 2396 1529; baseline 0 -25"><span class='ocrx_word' id='word_1_82' title='bbox 252 1451 477 1504; x_wconf 88' lang='lat' dir='ltr'><strong>tamen</strong></span> <span class='ocrx_word' id='word_1_83' title='bbox 534 1459 747 1528; x_wconf 85' lang='lat' dir='ltr'><strong>usque</strong></span> <span class='ocrx_word' id='word_1_84' title='bbox 798 1458 1063 1529; x_wconf 87' lang='lat' dir='ltr'><strong>quaque</strong></span> <span class='ocrx_word' id='word_1_85' title='bbox 1117 1433 1576 1527; x_wconf 83' lang='lat' dir='ltr'><strong>pervagabor,</strong></span> <span class='ocrx_word' id='word_1_86' title='bbox 1634 1448 1712 1501; x_wconf 87' lang='lat' dir='ltr'><strong>ut</strong></span> <span class='ocrx_word' id='word_1_87' title='bbox 1765 1448 1830 1501; x_wconf 88' lang='lat' dir='ltr'><strong>te</strong></span> <span class='ocrx_word' id='word_1_88' title='bbox 1878 1451 2222 1529; x_wconf 80' lang='lat' dir='ltr'><strong>nunquam</strong></span> <span class='ocrx_word' id='word_1_89' title='bbox 2283 1436 2396 1505; x_wconf 88' lang='lat' dir='ltr'><strong>de·</strong></span> 
     </span>
    </p>
   </div>
   <div class='ocr_carea' id='block_1_3' title="bbox 253 1570 1834 2073">
    <p class='ocr_par' dir='ltr' id='par_1_3' title="bbox 253 1570 1834 2073">
     <span class='ocr_line' id='line_1_11' title="bbox 253 1570 862 1645; baseline -0.003 -30"><span class='ocrx_word' id='word_1_90' title='bbox 253 1570 493 1645; x_wconf 50' lang='lat' dir='ltr'><strong>sei-am.</strong></span> <span class='ocrx_word' id='word_1_91' title='bbox 856 1636 862 1643; x_wconf 20' lang='grc' dir='ltr'>Ι</span> 
     </span>
     <span class='ocr_line' id='line_1_12' title="bbox 816 1742 1834 1833; baseline -0.001 -3"><span class='ocrx_word' id='word_1_92' title='bbox 816 1742 1243 1833; x_wconf 87' lang='lat' dir='ltr'><strong>SCENA</strong></span> <span class='ocrx_word' id='word_1_93' title='bbox 1284 1744 1834 1831; x_wconf 86' lang='lat' dir='ltr'><strong>-TERTIA.</strong></span> 
     </span>
     <span class='ocr_line' id='line_1_13' title="bbox 1056 1936 1582 2073; baseline -0.002 -21"><span class='ocrx_word' id='word_1_94' title='bbox 1056 1936 1582 2073; x_wconf 43' lang='lat' dir='ltr'><strong>&#39;QUERoLUs</strong></span> 
     </span>
    </p>
   </div>
   <div class='ocr_carea' id='block_1_4' title="bbox 235 2186 2488 4276">
    <p class='ocr_par' dir='ltr' id='par_1_4' title="bbox 235 2186 2488 4276">
     <span class='ocr_line' id='line_1_14' title="bbox 341 2186 2395 2286; baseline 0.001 -28"><span class='ocrx_word' id='word_1_95' title='bbox 341 2193 651 2259; x_wconf 82' lang='lat' dir='ltr'><strong>Incertus</strong></span> <span class='ocrx_word' id='word_1_96' title='bbox 706 2212 832 2281; x_wconf 88' lang='lat' dir='ltr'><strong>ego</strong></span> <span class='ocrx_word' id='word_1_97' title='bbox 888 2212 1036 2255; x_wconf 89' lang='lat' dir='ltr'><strong>sum</strong></span> <span class='ocrx_word' id='word_1_98' title='bbox 1079 2186 1295 2255; x_wconf 79' lang='lat' dir='ltr'><strong>factus</strong></span> <span class='ocrx_word' id='word_1_99' title='bbox 1344 2188 1561 2281; x_wconf 88' lang='lat' dir='ltr'><strong>magis</strong></span> <span class='ocrx_word' id='word_1_100' title='bbox 1616 2186 1818 2257; x_wconf 91' lang='lat' dir='ltr'><strong>hodie</strong></span> <span class='ocrx_word' id='word_1_101' title='bbox 1871 2214 2071 2282; x_wconf 90' lang='lat' dir='ltr'><strong>quam</strong></span> <span class='ocrx_word' id='word_1_102' title='bbox 2133 2215 2395 2286; x_wconf 86' lang='lat' dir='ltr'><strong>semper</strong></span> 
     </span>
     <span class='ocr_line' id='line_1_15' title="bbox 247 2296 2396 2425; baseline 0.001 -58"><span class='ocrx_word' id='word_1_103' title='bbox 247 2299 393 2367; x_wconf 88' lang='lat' dir='ltr'><strong>fui.</strong></span> <span class='ocrx_word' id='word_1_104' title='bbox 447 2298 609 2393; x_wconf 89' lang='lat' dir='ltr'><strong>quid</strong></span> <span class='ocrx_word' id='word_1_105' title='bbox 645 2323 803 2391; x_wconf 88' lang='lat' dir='ltr'><strong>ergo</strong></span> <span class='ocrx_word' id='word_1_106' title='bbox 843 2322 1026 2366; x_wconf 89' lang='lat' dir='ltr'><strong>nunc</strong></span> <span class='ocrx_word' id='word_1_107' title='bbox 1066 2296 1305 2379; x_wconf 72' lang='lat' dir='ltr'><strong>faciam</strong></span> <span class='ocrx_word' id='word_1_108' title='bbox 1355 2321 1509 2363; x_wconf 91' lang='lat' dir='ltr'><strong>cum</strong></span> <span class='ocrx_word' id='word_1_109' title='bbox 1572 2321 1891 2391; x_wconf 89' lang='lat' dir='ltr'><strong>responso</strong></span> <span class='ocrx_word' id='word_1_110' title='bbox 1957 2300 2396 2425; x_wconf 80' lang='lat' dir='ltr'><strong>hujusmodi?</strong></span> 
     </span>
     <span class='ocr_line' id='line_1_16' title="bbox 248 2404 2392 2505; baseline 0.001 -27"><span class='ocrx_word' id='word_1_111' title='bbox 248 2409 667 2503; x_wconf 89' lang='lat' dir='ltr'><strong>Cujusquam</strong></span> <span class='ocrx_word' id='word_1_112' title='bbox 700 2433 786 2477; x_wconf 91' lang='lat' dir='ltr'><strong>ne</strong></span> <span class='ocrx_word' id='word_1_113' title='bbox 822 2406 1169 2475; x_wconf 86' lang='lat' dir='ltr'><strong>oraculum</strong></span> <span class='ocrx_word' id='word_1_114' title='bbox 1218 2404 1347 2475; x_wconf 87' lang='lat' dir='ltr'><strong>tale</strong></span> <span class='ocrx_word' id='word_1_115' title='bbox 1384 2430 1684 2499; x_wconf 87' lang='lat' dir='ltr'><strong>unquam</strong></span> <span class='ocrx_word' id='word_1_116' title='bbox 1719 2407 1952 2476; x_wconf 91' lang='lat' dir='ltr'><strong>datum</strong></span> <span class='ocrx_word' id='word_1_117' title='bbox 1977 2424 2115 2493; x_wconf 55' lang='lat' dir='ltr'><strong>estp</strong></span> <span class='ocrx_word' id='word_1_118' title='bbox 2138 2426 2215 2479; x_wconf 86' lang='lat' dir='ltr'><strong>ut</strong></span> <span class='ocrx_word' id='word_1_119' title='bbox 2251 2413 2392 2505; x_wconf 90' lang='lat' dir='ltr'><strong>ipse</strong></span> 
     </span>
     <span class='ocr_line' id='line_1_17' title="bbox 246 2520 2390 2619; baseline 0.002 -28"><span class='ocrx_word' id='word_1_120' title='bbox 246 2523 511 2591; x_wconf 87' lang='lat' dir='ltr'><strong>sibimet</strong></span> <span class='ocrx_word' id='word_1_121' title='bbox 535 2521 709 2591; x_wconf 91' lang='lat' dir='ltr'><strong>male</strong></span> <span class='ocrx_word' id='word_1_122' title='bbox 731 2536 1090 2617; x_wconf 67' lang='lat' dir='ltr'><strong>quaereret,</strong></span> <span class='ocrx_word' id='word_1_123' title='bbox 1122 2536 1240 2589; x_wconf 86' lang='lat' dir='ltr'><strong>aut</strong></span> <span class='ocrx_word' id='word_1_124' title='bbox 1273 2546 1411 2589; x_wconf 89' lang='lat' dir='ltr'><strong>non</strong></span> <span class='ocrx_word' id='word_1_125' title='bbox 1448 2520 1853 2610; x_wconf 89' lang='lat' dir='ltr'><strong>excluderet,</strong></span> <span class='ocrx_word' id='word_1_126' title='bbox 1878 2523 1933 2591; x_wconf 91' lang='lat' dir='ltr'><strong>si</strong></span> <span class='ocrx_word' id='word_1_127' title='bbox 1967 2524 2110 2591; x_wconf 90' lang='lat' dir='ltr'><strong>fieri</strong></span> <span class='ocrx_word' id='word_1_128' title='bbox 2139 2543 2390 2619; x_wconf 87' lang='lat' dir='ltr'><strong>posset,</strong></span> 
     </span>
     <span class='ocr_line' id='line_1_18' title="bbox 245 2634 2390 2731; baseline 0.002 -28"><span class='ocrx_word' id='word_1_129' title='bbox 245 2636 668 2731; x_wconf 79' lang='lat' dir='ltr'><strong>ingruentem</strong></span> <span class='ocrx_word' id='word_1_130' title='bbox 694 2636 1028 2705; x_wconf 89' lang='lat' dir='ltr'><strong>miseriam</strong></span> <span class='ocrx_word' id='word_1_131' title='bbox 1050 2634 1340 2719; x_wconf 75' lang='lat' dir='ltr'><strong>i‘Perde,</strong></span> <span class='ocrx_word' id='word_1_132' title='bbox 1367 2635 1617 2730; x_wconf 83' lang='lat' dir='ltr'><strong>inquit,</strong></span> <span class='ocrx_word' id='word_1_133' title='bbox 1638 2636 1693 2703; x_wconf 92' lang='lat' dir='ltr'><strong>si</strong></span> <span class='ocrx_word' id='word_1_134' title='bbox 1711 2635 1875 2729; x_wconf 90' lang='lat' dir='ltr'><strong>quid</strong></span> <span class='ocrx_word' id='word_1_135' title='bbox 1900 2650 1998 2705; x_wconf 91' lang='lat' dir='ltr'><strong>est</strong></span> <span class='ocrx_word' id='word_1_136' title='bbox 2025 2638 2150 2706; x_wconf 91' lang='lat' dir='ltr'><strong>tibi</strong></span> <span class='ocrx_word' id='word_1_137' title='bbox 2173 2639 2390 2726; x_wconf 89' lang='lat' dir='ltr'><strong>domi,</strong></span> 
     </span>
     <span class='ocr_line' id='line_1_19' title="bbox 243 2745 2388 2842; baseline 0.001 -27"><span class='ocrx_word' id='word_1_138' title='bbox 243 2762 319 2815; x_wconf 91' lang='lat' dir='ltr'><strong>ut</strong></span> <span class='ocrx_word' id='word_1_139' title='bbox 332 2748 647 2841; x_wconf 90' lang='lat' dir='ltr'><strong>adquiras</strong></span> <span class='ocrx_word' id='word_1_140' title='bbox 667 2746 980 2842; x_wconf 88' lang='lat' dir='ltr'><strong>plurima.</strong></span> <span class='ocrx_word' id='word_1_141' title='bbox 1007 2750 1160 2815; x_wconf 90' lang='lat' dir='ltr'><strong>Mea</strong></span> <span class='ocrx_word' id='word_1_142' title='bbox 1184 2746 1239 2813; x_wconf 90' lang='lat' dir='ltr'><strong>si</strong></span> <span class='ocrx_word' id='word_1_143' title='bbox 1258 2746 1424 2813; x_wconf 88' lang='lat' dir='ltr'><strong>mihi</strong></span> <span class='ocrx_word' id='word_1_144' title='bbox 1448 2745 1862 2835; x_wconf 87' lang='lat' dir='ltr'><strong>auferantur,</strong></span> <span class='ocrx_word' id='word_1_145' title='bbox 1883 2745 2096 2815; x_wconf 88' lang='lat' dir='ltr'><strong>aliena</strong></span> <span class='ocrx_word' id='word_1_146' title='bbox 2117 2750 2388 2841; x_wconf 90' lang='lat' dir='ltr'><strong>quando</strong></span> 
     </span>
     <span class='ocr_line' id='line_1_20' title="bbox 242 2854 2389 2950; baseline 0.003 -27"><span class='ocrx_word' id='word_1_147' title='bbox 242 2871 359 2924; x_wconf 89' lang='lat' dir='ltr'><strong>aut</strong></span> <span class='ocrx_word' id='word_1_148' title='bbox 392 2858 541 2950; x_wconf 90' lang='lat' dir='ltr'><strong>quis</strong></span> <span class='ocrx_word' id='word_1_149' title='bbox 578 2854 807 2925; x_wconf 85' lang='lat' dir='ltr'><strong>dabit?</strong></span> <span class='ocrx_word' id='word_1_150' title='bbox 833 2856 1055 2942; x_wconf 90' lang='lat' dir='ltr'><strong>Vade,</strong></span> <span class='ocrx_word' id='word_1_151' title='bbox 1080 2855 1337 2949; x_wconf 87' lang='lat' dir='ltr'><strong>inquit,</strong></span> <span class='ocrx_word' id='word_1_152' title='bbox 1366 2854 1548 2923; x_wconf 85' lang='lat' dir='ltr'><strong>fures</strong></span> <span class='ocrx_word' id='word_1_153' title='bbox 1578 2855 1842 2948; x_wconf 82' lang='lat' dir='ltr'><strong>require</strong></span> <span class='ocrx_word' id='word_1_154' title='bbox 1862 2908 1881 2939; x_wconf 87' lang='lat'><strong>,</strong></span> <span class='ocrx_word' id='word_1_155' title='bbox 1917 2857 2261 2950; x_wconf 86' lang='lat' dir='ltr'><strong>praedones</strong></span> <span class='ocrx_word' id='word_1_156' title='bbox 2285 2887 2389 2929; x_wconf 87' lang='lat' dir='ltr'><strong>re-</strong></span> 
     </span>
     <span class='ocr_line' id='line_1_21' title="bbox 240 2964 2488 3061; baseline 0.004 -28"><span class='ocrx_word' id='word_1_157' title='bbox 240 2968 387 3061; x_wconf 85' lang='lat' dir='ltr'><strong>cipe</strong></span> <span class='ocrx_word' id='word_1_158' title='bbox 435 2967 505 3034; x_wconf 94' lang='lat' dir='ltr'><strong>in</strong></span> <span class='ocrx_word' id='word_1_159' title='bbox 557 2966 854 3035; x_wconf 89' lang='lat' dir='ltr'><strong>domum.</strong></span> <span class='ocrx_word' id='word_1_160' title='bbox 901 2967 1203 3045; x_wconf 87' lang='lat' dir='ltr'><strong>Primum</strong></span> <span class='ocrx_word' id='word_1_161' title='bbox 1236 2964 1376 3032; x_wconf 82' lang='lat' dir='ltr'><strong>&#39;hoc</strong></span> <span class='ocrx_word' id='word_1_162' title='bbox 1421 2965 1475 3033; x_wconf 92' lang='lat' dir='ltr'><strong>si</strong></span> <span class='ocrx_word' id='word_1_163' title='bbox 1520 2966 1836 3058; x_wconf 87' lang='lat' dir='ltr'><strong>cognosci</strong></span> <span class='ocrx_word' id='word_1_164' title='bbox 1881 2980 2082 3059; x_wconf 85' lang='lat' dir='ltr'><strong>atque</strong></span> <span class='ocrx_word' id='word_1_165' title='bbox 2125 2969 2383 3038; x_wconf 88' lang='lat' dir='ltr'><strong>etiamsi</strong></span> <span class='ocrx_word' id='word_1_166' title='bbox 2475 3023 2488 3043; x_wconf 82' lang='lat'><strong>,</strong></span> 
     </span>
     <span class='ocr_line' id='line_1_22' title="bbox 239 3074 2381 3169; baseline 0.002 -26"><span class='ocrx_word' id='word_1_167' title='bbox 239 3077 514 3169; x_wconf 88' lang='lat' dir='ltr'><strong>probari</strong></span> <span class='ocrx_word' id='word_1_168' title='bbox 550 3078 887 3169; x_wconf 88' lang='lat' dir='ltr'><strong>potuerit,</strong></span> <span class='ocrx_word' id='word_1_169' title='bbox 925 3100 1153 3143; x_wconf 91' lang='lat' dir='ltr'><strong>nonne</strong></span> <span class='ocrx_word' id='word_1_170' title='bbox 1188 3074 1393 3169; x_wconf 85' lang='lat' dir='ltr'><strong>judex</strong></span> <span class='ocrx_word' id='word_1_171' title='bbox 1412 3074 1568 3166; x_wconf 90' lang='lat' dir='ltr'><strong>jure</strong></span> <span class='ocrx_word' id='word_1_172' title='bbox 1595 3076 1853 3167; x_wconf 91' lang='lat' dir='ltr'><strong>optimo</strong></span> <span class='ocrx_word' id='word_1_173' title='bbox 1887 3078 2381 3169; x_wconf 81' lang='lat' dir='ltr'><strong>pessumdabit,</strong></span> 
     </span>
     <span class='ocr_line' id='line_1_23' title="bbox 240 3178 2384 3283; baseline 0.001 -28"><span class='ocrx_word' id='word_1_174' title='bbox 240 3202 582 3280; x_wconf 86' lang='lat' dir='ltr'><strong>tamquam</strong></span> <span class='ocrx_word' id='word_1_175' title='bbox 626 3185 962 3255; x_wconf 86' lang='lat' dir='ltr'><strong>latronum</strong></span> <span class='ocrx_word' id='word_1_176' title='bbox 1008 3178 1403 3254; x_wconf 81' lang='lat' dir='ltr'><strong>conscium?</strong></span> <span class='ocrx_word' id='word_1_177' title='bbox 1458 3184 1592 3253; x_wconf 89' lang='lat' dir='ltr'><strong>Sed</strong></span> <span class='ocrx_word' id='word_1_178' title='bbox 1645 3183 1921 3253; x_wconf 88' lang='lat' dir='ltr'><strong>ubinam</strong></span> <span class='ocrx_word' id='word_1_179' title='bbox 1975 3184 2154 3255; x_wconf 74' lang='lat' dir='ltr'><strong>fures</strong></span> <span class='ocrx_word' id='word_1_180' title='bbox 2206 3190 2384 3283; x_wconf 90' lang='lat' dir='ltr'><strong>ipsos</strong></span> 
     </span>
     <span class='ocr_line' id='line_1_24' title="bbox 235 3295 2382 3391; baseline 0.001 -26"><span class='ocrx_word' id='word_1_181' title='bbox 235 3296 441 3365; x_wconf 90' lang='lat' dir='ltr'><strong>modo</strong></span> <span class='ocrx_word' id='word_1_182' title='bbox 476 3297 849 3391; x_wconf 86' lang='lat' dir='ltr'><strong>requiram,</strong></span> <span class='ocrx_word' id='word_1_183' title='bbox 884 3297 1001 3366; x_wconf 92' lang='lat' dir='ltr'><strong>ubi</strong></span> <span class='ocrx_word' id='word_1_184' title='bbox 1043 3296 1475 3390; x_wconf 85' lang='lat' dir='ltr'><strong>investigem,</strong></span> <span class='ocrx_word' id='word_1_185' title='bbox 1506 3295 1754 3362; x_wconf 80' lang='lat' dir='ltr'><strong>nescio„</strong></span> <span class='ocrx_word' id='word_1_186' title='bbox 1797 3295 2094 3365; x_wconf 89' lang='lat' dir='ltr'><strong>Ubinam</strong></span> <span class='ocrx_word' id='word_1_187' title='bbox 2131 3296 2244 3367; x_wconf 91' lang='lat' dir='ltr'><strong>ille</strong></span> <span class='ocrx_word' id='word_1_188' title='bbox 2282 3316 2382 3367; x_wconf 87' lang='lat' dir='ltr'><strong>est</strong></span> 
     </span>
     <span class='ocr_line' id='line_1_25' title="bbox 237 3405 2382 3501; baseline 0 -25"><span class='ocrx_word' id='word_1_189' title='bbox 237 3408 479 3476; x_wconf 89' lang='lat' dir='ltr'><strong>cohors</strong></span> <span class='ocrx_word' id='word_1_190' title='bbox 509 3406 867 3501; x_wconf 87' lang='lat' dir='ltr'><strong>fuliginosa</strong></span> <span class='ocrx_word' id='word_1_191' title='bbox 888 3461 909 3494; x_wconf 92' lang='lat'><strong>,</strong></span> <span class='ocrx_word' id='word_1_192' title='bbox 946 3407 1345 3492; x_wconf 89' lang='lat' dir='ltr'><strong>vulcanosa,</strong></span> <span class='ocrx_word' id='word_1_193' title='bbox 1372 3420 1517 3473; x_wconf 86' lang='lat' dir='ltr'><strong>atra</strong></span> <span class='ocrx_word' id='word_1_194' title='bbox 1536 3459 1556 3491; x_wconf 91' lang='lat'><strong>,</strong></span> <span class='ocrx_word' id='word_1_195' title='bbox 1591 3430 1740 3499; x_wconf 85' lang='lat' dir='ltr'><strong>quae</strong></span> <span class='ocrx_word' id='word_1_196' title='bbox 1765 3405 1847 3473; x_wconf 88' lang='lat' dir='ltr'><strong>de</strong></span> <span class='ocrx_word' id='word_1_197' title='bbox 1874 3406 1980 3474; x_wconf 90' lang='lat' dir='ltr'><strong>die</strong></span> <span class='ocrx_word' id='word_1_198' title='bbox 2009 3408 2136 3476; x_wconf 88' lang='lat' dir='ltr'><strong>sub</strong></span> <span class='ocrx_word' id='word_1_199' title='bbox 2171 3424 2382 3477; x_wconf 87' lang='lat' dir='ltr'><strong>terras</strong></span> 
     </span>
     <span class='ocr_line' id='line_1_26' title="bbox 237 3514 2432 3612; baseline 0.001 -26"><span class='ocrx_word' id='word_1_200' title='bbox 237 3518 589 3605; x_wconf 89' lang='lat' dir='ltr'><strong>habitant,</strong></span> <span class='ocrx_word' id='word_1_201' title='bbox 622 3532 819 3586; x_wconf 87' lang='lat' dir='ltr'><strong>nocte</strong></span> <span class='ocrx_word' id='word_1_202' title='bbox 852 3518 921 3585; x_wconf 90' lang='lat' dir='ltr'><strong>in</strong></span> <span class='ocrx_word' id='word_1_203' title='bbox 956 3518 1147 3585; x_wconf 86' lang='lat' dir='ltr'><strong>tectis</strong></span> <span class='ocrx_word' id='word_1_204' title='bbox 1184 3515 1575 3585; x_wconf 81' lang='lat' dir='ltr'><strong>ambulant?</strong></span> <span class='ocrx_word' id='word_1_205' title='bbox 1602 3515 1739 3585; x_wconf 89' lang='lat' dir='ltr'><strong>Ubi</strong></span> <span class='ocrx_word' id='word_1_206' title='bbox 1766 3514 1860 3584; x_wconf 92' lang='lat' dir='ltr'><strong>illi</strong></span> <span class='ocrx_word' id='word_1_207' title='bbox 1895 3532 2084 3602; x_wconf 88' lang='lat' dir='ltr'><strong>sunt,</strong></span> <span class='ocrx_word' id='word_1_208' title='bbox 2118 3521 2234 3612; x_wconf 90' lang='lat' dir='ltr'><strong>qui</strong></span> <span class='ocrx_word' id='word_1_209' title='bbox 2277 3546 2386 3589; x_wconf 91' lang='lat' dir='ltr'><strong>ur-</strong></span> <span class='ocrx_word' id='word_1_210' title='bbox 2427 3518 2432 3524; x_wconf 67' lang='grc'><strong>’</strong></span> 
     </span>
     <span class='ocr_line' id='line_1_27' title="bbox 236 3625 2384 3721; baseline 0.001 -25"><span class='ocrx_word' id='word_1_211' title='bbox 236 3630 411 3696; x_wconf 87' lang='lat' dir='ltr'><strong>bane</strong></span> <span class='ocrx_word' id='word_1_212' title='bbox 462 3625 705 3696; x_wconf 90' lang='lat' dir='ltr'><strong>fibulas</strong></span> <span class='ocrx_word' id='word_1_213' title='bbox 766 3628 1196 3714; x_wconf 89' lang='lat' dir='ltr'><strong>subducunt,</strong></span> <span class='ocrx_word' id='word_1_214' title='bbox 1250 3628 1501 3721; x_wconf 89' lang='lat' dir='ltr'><strong>quique</strong></span> <span class='ocrx_word' id='word_1_215' title='bbox 1558 3640 1828 3695; x_wconf 90' lang='lat' dir='ltr'><strong>curtant</strong></span> <span class='ocrx_word' id='word_1_216' title='bbox 1874 3626 2180 3698; x_wconf 81' lang='lat' dir='ltr'><strong>balteos?</strong></span> <span class='ocrx_word' id='word_1_217' title='bbox 2235 3632 2384 3701; x_wconf 87' lang='lat' dir='ltr'><strong>Nisi</strong></span> 
     </span>
     <span class='ocr_line' id='line_1_28' title="bbox 238 3736 2380 3833; baseline 0.001 -28"><span class='ocrx_word' id='word_1_218' title='bbox 238 3736 473 3825; x_wconf 88' lang='lat' dir='ltr'><strong>fallor,</strong></span> <span class='ocrx_word' id='word_1_219' title='bbox 511 3763 723 3807; x_wconf 91' lang='lat' dir='ltr'><strong>unum</strong></span> <span class='ocrx_word' id='word_1_220' title='bbox 752 3764 832 3806; x_wconf 85' lang='lat' dir='ltr'><strong>ex</strong></span> <span class='ocrx_word' id='word_1_221' title='bbox 860 3739 1020 3833; x_wconf 90' lang='lat' dir='ltr'><strong>ipsis</strong></span> <span class='ocrx_word' id='word_1_222' title='bbox 1054 3737 1295 3805; x_wconf 88' lang='lat' dir='ltr'><strong>video:</strong></span> <span class='ocrx_word' id='word_1_223' title='bbox 1334 3753 1535 3830; x_wconf 88' lang='lat' dir='ltr'><strong>atque</strong></span> <span class='ocrx_word' id='word_1_224' title='bbox 1568 3762 1720 3806; x_wconf 90' lang='lat' dir='ltr'><strong>ecce</strong></span> <span class='ocrx_word' id='word_1_225' title='bbox 1747 3763 1888 3805; x_wconf 90' lang='lat' dir='ltr'><strong>rem</strong></span> <span class='ocrx_word' id='word_1_226' title='bbox 1934 3740 2126 3833; x_wconf 88' lang='lat' dir='ltr'><strong>gerit.</strong></span> <span class='ocrx_word' id='word_1_227' title='bbox 2170 3744 2339 3808; x_wconf 91' lang='lat' dir='ltr'><strong>Hem</strong></span> <span class='ocrx_word' id='word_1_228' title='bbox 2359 3794 2380 3829; x_wconf 91' lang='lat'><strong>,</strong></span> 
     </span>
     <span class='ocr_line' id='line_1_29' title="bbox 237 3824 2377 3943; baseline 0.002 -27"><span class='ocrx_word' id='word_1_229' title='bbox 237 3850 363 3916; x_wconf 80' lang='lat' dir='ltr'><strong>tibi</strong></span> <span class='ocrx_word' id='word_1_230' title='bbox 387 3847 626 3935; x_wconf 89' lang='lat' dir='ltr'><strong>clamo,</strong></span> <span class='ocrx_word' id='word_1_231' title='bbox 656 3850 1002 3943; x_wconf 89' lang='lat' dir='ltr'><strong>impostor.</strong></span> <span class='ocrx_word' id='word_1_232' title='bbox 1042 3848 1232 3935; x_wconf 90' lang='lat' dir='ltr'><strong>Ohe,</strong></span> <span class='ocrx_word' id='word_1_233' title='bbox 1261 3872 1479 3917; x_wconf 90' lang='lat' dir='ltr'><strong>cessa.</strong></span> <span class='ocrx_word' id='word_1_234' title='bbox 1508 3872 1702 3941; x_wconf 90' lang='lat' dir='ltr'><strong>euge,</strong></span> <span class='ocrx_word' id='word_1_235' title='bbox 1730 3863 1987 3917; x_wconf 88' lang='lat' dir='ltr'><strong>servata</strong></span> <span class='ocrx_word' id='word_1_236' title='bbox 2015 3863 2115 3917; x_wconf 89' lang='lat' dir='ltr'><strong>est</strong></span> <span class='ocrx_word' id='word_1_237' title='bbox 2149 3824 2377 3921; x_wconf 82' lang='lat' dir='ltr'><strong>fibula.</strong></span> 
     </span>
     <span class='ocr_line' id='line_1_30' title="bbox 238 3942 2385 4052; baseline 0.002 -25"><span class='ocrx_word' id='word_1_238' title='bbox 238 3962 429 4027; x_wconf 90' lang='lat' dir='ltr'><strong>Attat</strong></span> <span class='ocrx_word' id='word_1_239' title='bbox 448 3983 643 4052; x_wconf 90' lang='lat' dir='ltr'><strong>,spes</strong></span> <span class='ocrx_word' id='word_1_240' title='bbox 676 3959 842 4027; x_wconf 90' lang='lat' dir='ltr'><strong>mihi</strong></span> <span class='ocrx_word' id='word_1_241' title='bbox 881 3956 1069 4028; x_wconf 87' lang='lat' dir='ltr'><strong>nulla</strong></span> <span class='ocrx_word' id='word_1_242' title='bbox 1114 3973 1253 4045; x_wconf 89' lang='lat' dir='ltr'><strong>est;</strong></span> <span class='ocrx_word' id='word_1_243' title='bbox 1294 3942 1615 4026; x_wconf 86' lang='lat' dir='ltr'><strong>mandato</strong></span> <span class='ocrx_word' id='word_1_244' title='bbox 1651 3958 1890 4026; x_wconf 87' lang='lat' dir='ltr'><strong>excidi.</strong></span> <span class='ocrx_word' id='word_1_245' title='bbox 1938 3960 2385 4031; x_wconf 90' lang='lat' dir='ltr'><strong>Interdictum</strong></span> 
     </span>
     <span class='ocr_line' id='line_1_31' title="bbox 236 4063 2386 4155; baseline 0.003 -19"><span class='ocrx_word' id='word_1_246' title='bbox 236 4068 459 4137; x_wconf 89' lang='lat' dir='ltr'><strong>fuerat</strong></span> <span class='ocrx_word' id='word_1_247' title='bbox 501 4093 587 4136; x_wconf 89' lang='lat' dir='ltr'><strong>ne</strong></span> <span class='ocrx_word' id='word_1_248' title='bbox 628 4068 967 4137; x_wconf 87' lang='lat' dir='ltr'><strong>obviarem</strong></span> <span class='ocrx_word' id='word_1_249' title='bbox 999 4067 1282 4155; x_wconf 80' lang='lat' dir='ltr'><strong>furibus,</strong></span> <span class='ocrx_word' id='word_1_250' title='bbox 1320 4063 1590 4135; x_wconf 83' lang='lat' dir='ltr'><strong>verum!</strong></span> <span class='ocrx_word' id='word_1_251' title='bbox 1615 4092 1700 4135; x_wconf 88' lang='lat' dir='ltr'><strong>ne</strong></span> <span class='ocrx_word' id='word_1_252' title='bbox 1729 4067 2170 4138; x_wconf 83' lang='lat' dir='ltr'><strong>excluderem.</strong></span> <span class='ocrx_word' id='word_1_253' title='bbox 2217 4077 2386 4141; x_wconf 90' lang='lat' dir='ltr'><strong>Her-</strong></span> 
     </span>
     <span class='ocr_line' id='line_1_32' title="bbox 235 4175 2383 4276; baseline 0.002 -29"><span class='ocrx_word' id='word_1_254' title='bbox 235 4175 363 4261; x_wconf 88' lang='lat' dir='ltr'><strong>cle,</strong></span> <span class='ocrx_word' id='word_1_255' title='bbox 404 4177 535 4246; x_wconf 92' lang='lat' dir='ltr'><strong>hoc</strong></span> <span class='ocrx_word' id='word_1_256' title='bbox 579 4178 860 4248; x_wconf 90' lang='lat' dir='ltr'><strong>stultum</strong></span> <span class='ocrx_word' id='word_1_257' title='bbox 904 4193 1053 4247; x_wconf 88' lang='lat' dir='ltr'><strong>est:</strong></span> <span class='ocrx_word' id='word_1_258' title='bbox 1094 4177 1265 4247; x_wconf 86' lang='lat' dir='ltr'><strong>nihil</strong></span> <span class='ocrx_word' id='word_1_259' title='bbox 1309 4202 1585 4273; x_wconf 90' lang='lat' dir='ltr'><strong>prorsus</strong></span> <span class='ocrx_word' id='word_1_260' title='bbox 1633 4176 1794 4249; x_wconf 88' lang='lat' dir='ltr'><strong>hinc</strong></span> <span class='ocrx_word' id='word_1_261' title='bbox 1831 4178 2073 4273; x_wconf 87' lang='lat' dir='ltr'><strong>placet.</strong></span> <span class='ocrx_word' id='word_1_262' title='bbox 2125 4184 2383 4276; x_wconf 90' lang='lat' dir='ltr'><strong>Atque,</strong></span> 
     </span>
    </p>
   </div>
   <div class='ocr_carea' id='block_1_5' title="bbox 388 4292 2172 4365">
    <p class='ocr_par' dir='ltr' id='par_1_5' title="bbox 388 4292 2172 4365">
     <span class='ocr_line' id='line_1_33' title="bbox 388 4292 2172 4365; baseline 0.002 -6"><span class='ocrx_word' id='word_1_263' title='bbox 388 4295 530 4360; x_wconf 88' lang='grc' dir='ltr'><em>ΙΙΙ.</em></span> <span class='ocrx_word' id='word_1_264' title='bbox 2001 4292 2094 4365; x_wconf 80' lang='grc'><strong>36</strong></span> <span class='ocrx_word' id='word_1_265' title='bbox 2165 4305 2172 4320; x_wconf 87' lang='grc'><strong><em>’</em></strong></span> 
     </span>
    </p>
   </div>
  </div>
 </body>
</html>
