3067 5017
629 479 766 554 136
1352 483 2005 569 PsEuDoLUQ

613 629 768 676 car..
803 607 1038 673 Jamne
1079 601 1269 673 abis?
1299 627 1498 690 nam..
1538 608 1781 702 Negoti
1827 631 2008 676 nunc
2040 627 2188 676 sum
2224 601 2479 700 plenus.
2512 627 2757 678 Psnun.

907 712 1118 785 Paulo
1162 729 1313 810 post
1346 716 1585 812 magis.

608 822 756 895 Illic
799 824 1005 894 homo
1049 847 1236 894 meus
1279 840 1407 913 est,
1456 827 1586 894 nisi
1629 828 1889 898 omneis
1935 827 2006 896 di
2050 853 2159 898 me
2201 841 2411 922 atque
2448 826 2759 896 homines

904 934 1258 1023 deserunt3

605 1043 946 1114 Exossabo
989 1068 1114 1138 ego
1152 1041 1338 1114 illum
1383 1045 1696 1116 similiter
1736 1045 1967 1116 itidem
2008 1061 2085 1118 ut
2120 1071 2489 1118 muraenam
2531 1070 2755 1116 cocus.

607 1155 737 1224 Sed
770 1180 952 1226 nunc
976 1210 996 1244 ,
1034 1153 1394 1240 Callidore‚
1423 1181 1697 1252 operam
1736 1171 1803 1226 te
1836 1157 2005 1228 mihi
2050 1154 2202 1227 volo
2242 1156 2419 1227 dare.
2453 1180 2611 1227 car..
2642 1161 2759 1228 Ec-

898 1266 1062 1360 quid
1104 1264 1417 1361 inperas?
1574 1267 1587 1280 ’

607 1396 846 1446 psum).
900 1380 1046 1445 Hoc
1093 1401 1220 1472 ego
1266 1375 1593 1471 oppidum
1636 1373 2042 1462 admoeuire‚
2080 1389 2158 1444 ut
2190 1373 2395 1446 hodie
2429 1373 2757 1470 capiatur,

901 1484 1079 1555 volo.
2680 1505 2759 1546 ις..

604 1597 712 1669 Ad
749 1593 1076 1668 eam'rem
1125 1593 1336 1668 usu’st
1361 1595 1723 1678 hominem
1758 1610 2053 1666 astutum
2073 1649 2092 1684 ‚
2126 1595 2397 1666 doctum
2422 1645 2442 1682 ,
2474 1593 2755 1680 scitum,

896 1720 966 1776 et
1005 1704 1320 1776 callidum
1346 1759 1366 1793 ‚

571 1818 745 1908 'Qui
779 1818 1082 1913 inperata
1113 1816 1365 1885 ecfecta
1400 1813 1673 1903 reddat,
1710 1841 1848 1885 nou
1889 1815 2007 1910 qui
2046 1813 2333 1910 vigilans
2365 1812 2679 1882 dormiat.

605 1951 766 1998 cn..
813 1925 998 1996 Cedo
1037 1925 1246 2012 mihi,
1286 1924 1451 2019 quid
1495 1950 1565 1996 es
1610 1924 1955 1996 facturus?
1988 1948 2232 1996 psum).
2272 1924 2596 2020 Temperi
2634 1948 2758 2019 ego

900 2035 1053 2106 faxo
1097 2033 1308 2104 scies:
1968 2041 1975 2048 '

610 2144 789 2218 Nolo
827 2145 931 2214 bis
970 2145 1253 2233 iterare;
1291 2159 1392 2214 sat
1427 2145 1522 2214 sic
1553 2141 1769 2239 longae
1806 2143 1982 2214 fiunt
2022 2140 2283 2214 fabulae.

610 2280 768 2328 cn..
804 2259 1181 2351 Optumum
1216 2268 1418 2348 atque
1443 2255 1921 2350 aequissumum
1950 2279 2123 2326 oras.
2160 2278 2404 2326 psum).
2430 2257 2755 2348 Propera,

905 2364 1122 2434 adduc
1166 2364 1508 2434 hominem
1548 2364 1708 2434 cito.
2682 2387 2759 2429 2⁵⁵

606 2477 814 2548 Pauci
859 2501 946 2546 ex
981 2474 1210 2544 multis
1247 2490 1404 2544 sunt
1441 2475 1681 2563 amici,
1710 2475 1971 2544 homiui
2000 2475 2117 2569 qui
2153 2475 2317 2544 certi
2360 2475 2557 2544 sient.

610 2611 769 2659 can.
813 2588 958 2681 Ego
1001 2585 1138 2656 scio
1177 2585 1369 2654 istuc.
1403 2609 1645 2658 Psnun.
1685 2588 1866 2680 Ergo
1893 2585 2231 2680 utrimque
2266 2584 2389 2654 tibi
2424 2609 2605 2654 nunc
2640 2583 2756 2654 de-

907 2696 1146 2766 lectum
1200 2720 1406 2789 para:

609 2809 715 2878 Ex
757 2804 986 2875 multis
1031 2806 1310 2899 exquire
1345 2803 1473 2874 illis
1513 2830 1757 2894 unum,
1796 2806 1914 2899 qui
1953 2820 2177 2876 certus
2215 2804 2359 2874 siet.

611 2939 768 2988 cn..
796 2919 943 2985 Jam
977 2916 1087 2984 hic
1114 2914 1268 2984 faxo
1303 2914 1536 2986 aderit.
1570 2939 1816 2988 PSEUD.
1847 2914 2062 2986 Potin’
2082 2931 2154 2986 ut
2184 2914 2381 2986 abeas
2396 2917 2428 2986 ἱ)
2460 2915 2584 2986 tibi
2616 2942 2755 2987 mo-

909 3007 1047 3094 ram
1089 3024 1283 3094 dictis
1320 3051 1524 3096 creas.

697 3199 829 3262 146.
852 3197 1014 3250 Paulo
1033 3207 1144 3266 post
1167 3199 1323 3266 magis
1339 3233 1357 3260 ‚
1385 3198 1512 3268 plus
1538 3216 1633 3252 ne·
1733 3197 1985 3269 reperias.
2020 3197 2149 3250 Usus
2180 3215 2304 3250 eum
2330 3195 2608 3252 auferendi
2630 3215 2761 3252 eam

613 3274 746 3350 getii
772 3274 873 3329 tihi
899 3277 1166 3328 facessam.
1733 3295 1835 3348 pro
1855 3296 1975 3347 opus
2000 3278 2289 3332 sexcenties
2309 3277 2563 3332 occurrit.
2586 3278 2656 3330 N.

701 3358 832 3421 148.
854 3355 1184 3410 Εεωεαόουε
1202 3354 1636 3410 ωανωηαιηᾶἶᾶο
1822 3375 1845 3412 1
1860 3356 1953 3411 53.
1976 3357 2137 3420 Cedo,
2162 3355 2266 3410 dic.
2297 3358 2535 3423 Curc.V,
2563 3377 2591 3411 π
2612 3395 2628 3422 ,
2659 3364 2753 3421 4²·

614 3449 766 3490 notes
790 3435 988 3508 Amph.
1013 3435 1061 3503 1,
1091 3453 1142 3501 1,
1171 3437 1300 3490 163.
1822 3436 1952 3500 154.
1977 3435 2090 3495 sic,
2114 3437 2149 3490 i.
2181 3455 2229 3490 e.
2257 3456 2367 3492 non
2400 3438 2593 3491 iterum
2620 3437 2757 3490 faeta

704 3515 828 3570 150.
866 3515 1176 3580 Admoenire,
1219 3515 1354 3568 fossa
1397 3528 1452 3568 et
1497 3515 1638 3568 vallo
1734 3533 1913 3568 rerum
1947 3517 2299 3570 enarratione.
2320 3514 2643 3589 Hujusmodi
2672 3517 2754 3568 lu·

615 3592 849 3667 cingere.
882 3595 1015 3649 cist.
1041 3595 1117 3660 11,
1140 3615 1192 3660 a,
1218 3593 1272 3648 5.
1293 3595 1476 3647 Luni.
1733 3613 1853 3648 sum
1898 3595 2274 3650 histrionicum
2320 3595 2445 3650 vide
2503 3597 2755 3662 Poenulo‚

703 3674 807 3728 151
823 3713 835 3728 .
853 3674 1024 3728 Um⁰st
1039 3675 1288 3726 hommem.
1313 3675 1486 3744 Hujus
1507 3692 1635 3746 syu-
1694 3669 1715 3680 ’
1732 3674 1846 3741 111,
1880 3693 1930 3740 1,
1961 3683 2033 3744 47
2064 3695 2213 3748 seqq.

611 3755 749 3808 taxis
777 3754 1084 3828 exemplum
1125 3751 1269 3808 haud
1307 3752 1462 3808 facile
1508 3753 1637 3808 alias
1822 3754 1951 3810 155.
1978 3755 2124 3810 Oras.
2147 3755 2359 3828 Captiv.
2380 3757 2458 3821 11,
2487 3775 2515 3810 ο
2534 3793 2553 3822 ,
2578 3755 2672 3812 83.
