3067 5017
852 395 1193 465 ACTUS
1244 398 1381 483 IV,
1428 398 1756 467 SCENA
1806 399 2030 467 VIII.
2373 400 2512 474 285

366 519 634 615 Reperit
684 531 945 611 patrem
1008 516 1319 589 Palaestra
1365 542 1560 589 suum
1612 534 1815 615 atque
1857 520 2193 592 matrem?
2249 546 2513 597 TRACH.

650 628 952 721 Reperit.
1817 630 1836 647 “

364 760 593 811 rums.
629 744 719 809 Et
765 736 1109 833 popularis
1149 739 1301 808 est?
1342 760 1610 809 TnAcH.
1649 740 1938 833 Opinor.
1987 766 2226 815 PLEUS.
2262 746 2350 813 Et
2384 766 2512 813 nu-

647 846 944 917 btura'st
974 835 1197 943 inihi?
1230 873 1489 919 TRACH.
1538 852 1877 944 Suspicor.
2523 860 2532 867 ‘

359 980 587 1029 παῦε.
652 957 961 1045 Censen’‚
1014 957 1215 1027 hodie
1267 958 1711 1054 despondebit
1775 983 1922 1029 eam
1992 962 2195 1050 mihi,
2238 964 2512 1058 quaeso?

646 1093 903 1139 TRACH.
948 1072 1224 1138 Censeo,
2481 1095 2506 1135 s

360 1190 593 1249 PLBU'S.
622 1178 807 1267 Quid
828 1231 847 1264 ‚
869 1178 1046 1271 patri
1076 1178 1279 1245 etiam
1310 1170 1732 1271 gratulabor,
1759 1202 1966 1273 quom
1999 1178 2184 1248 illam
2211 1182 2510 1254 invenit?

647 1313 909 1359 TRACH.
958 1290 1241 1359 Censen.

359 1417 599 1470 PLEUS.
660 1398 885 1489 Quid,
927 1392 1129 1467 matri
1166 1398 1645 1492 ejus?‘1·nAcn.
1701 1402 1980 1469 Censeo.
2026 1424 2267 1473 PLEUs.
2313 1403 2505 1493 Quid

645 1535 806 1605 ergo
845 1507 1113 1579 censes?
1141 1532 1404 1579 TRACH.
1444 1508 1649 1597 Quod
1687 1533 1914 1605 rogae,

359 1624 629 1691 Censen.
667 1645 903 1690 PLEUS.
956 1622 1087 1690 Dic
1124 1644 1285 1714 ergo
1336 1622 1572 1714 quanti
1621 1618 1878 1691 censes!
1916 1645 2172 1692 ΤΒΔΟΗ.
2215 1626 2507 1719 Egone?

642 1756 903 1801 censen.

322 1833 585 1912 Ῥιῑυε.
647 1846 739 1913 At
799 1864 988 1918 sume
1034 1840 1340 1934 quidem,
1407 1864 1493 1907 ne
1540 1842 1920 1911 censionem
1964 1866 2228 1937 semper
2279 1842 2502 1915 faciae.

643 1974 910 2021 TRACH.
950 1954 1231 2021 Censeo,

358 2080 589 2128 rums.
658 2060 846 2151 Quid
884 2062 937 2129 si
974 2060 1282 2129 curram?
1323 2082 1582 2129 'r-RACH.
1637 2062 1915 2131 Censeo.
1961 2086 2196 2133 rmus.
2250 2066 2360 2149 An
2405 2064 2501 2133 sic

642 2172 864 2264 potius
900 2168 1201 2264 placide?
1226 2194 1491 2240 TRAGH.
1531 2173 1809 2240 Censeo.
2448 2212 2499 2240 ω

357 2300 585 2350 PLEUS.
619 2282 929 2350 Etiamne
960 2306 1107 2349 eam
1141 2279 1500 2349 adveniens
1536 2278 1866 2349 salutem?
1902 2304 2162 2351 TnAcn.
2211 2286 2494 2353 Censeo·

640 2416 879 2461 PLEUS.
927 2392 1269 2477 Etiamne,
1313 2391 1455 2484 ejus
1498 2388 1812 2483 patrem?

433 2630 483 2687 4.
512 2622 771 2694 Populah‘s
797 2640 933 2675 mea.

432 2722 484 2772 9.
507 2703 586 2756 At
604 2722 733 2755 sume
748 2704 954 2775 quidem.
976 2698 1121 2753 Illud
1136 2720 1266 2753 sume
1286 2718 1371 2753 re·

355 2782 631 2837 ferendum
676 2781 742 2835 ad
778 2783 902 2847 ina,
950 2781 1031 2833 die
1060 2801 1175 2851 ergo
1205 2784 1374 2852 quanti

355 2883 521 2928 censes,
548 2862 607 2915 id
634 2876 711 2917 est
728 2902 743 2927 ,
771 2862 955 2933 quanti
991 2862 1215 2913 aestimas
1238 2880 1249 2911 ε
1278 2860 1371 2913 ubi

355 2944 624 2997 aestimatio
668 2943 803 2995 facta
840 2954 952 3005 est,
1006 2941 1139 2994 nihil
1183 2953 1371 3005 restat,

354 3042 507 3094 quam
550 3040 761 3075 sumere
802 3022 857 3074 in
902 3019 1247 3085 venditione,
1302 3018 1371 3080 de

355 3107 499 3173 cujus
530 3101 883 3155 aestimatione
926 3120 987 3153 ac
1029 3100 1203 3171 pretio
1244 3117 1372 3153 con-

354 3184 511 3235 venit.
547 3184 732 3247 Quum
758 3182 913 3234 toties
946 3180 1083 3233 illud
1114 3179 1263 3231 verbi
1288 3197 1372 3230 re-

354 3264 589 3332 petiisset
636 3280 826 3325 censeo,
874 3258 942 3313 ad
988 3258 1044 3312 id
1084 3256 1373 3329 respondet

357 3342 499 3413 quod
535 3341 769 3403 dixerat,
802 3343 973 3411 quanti
1010 3346 1205 3391 censes?
1224 3339 1371 3402 Imo,

355 3421 553 3493 inquit,
576 3440 692 3475 rem
717 3438 870 3472 sume
896 3420 1080 3491 quanti
1109 3437 1225 3471 eam
1252 3436 1373 3470 ceu-

358 3520 431 3555 ses
467 3515 626 3572 atque
662 3499 913 3563 aestimas,
952 3518 1020 3552 ne
1049 3517 1258 3569 semper
1292 3497 1369 3549 fa·

358 3581 457 3635 cias
488 3580 813 3633 censionem.
852 3579 1007 3631 Lusit
1033 3579 1090 3629 in
1121 3575 1374 3647 ambiguo

360 3659 753 3731 significationis
772 3659 924 3713 verbi
944 3678 1133 3723 censeo,
1158 3670 1214 3709 ut
1234 3674 1375 3727 saepe

360 3740 417 3792 fit
444 3739 589 3811 apud
622 3740 889 3791 Plautum.
921 3737 1372 3791 Samae-Ponta-

360 3838 484 3884 nus,
514 3822 595 3871 At
624 3838 806 3870 summa
834 3818 1036 3891 quidem.
1062 3817 1219 3869 Hunc
1247 3834 1371 3885 pro·

361 3900 495 3953 xime
518 3917 729 3952 sensum
769 3899 1039 3951 accessisse
1077 3909 1227 3967 pute.
1269 3893 1373 3947 Sed

361 3998 487 4032 sumo
512 3992 589 4032 est
616 3977 672 4030 id
699 3979 878 4049 ipsum
902 4014 916 4035 ‚
957 3976 1106 4048 quod
1135 3976 1225 4028 ille
1262 3973 1375 4028 vult

362 4078 551 4111 summo.
594 4060 747 4113 Trin.
785 4048 887 4122 IV,
929 4076 956 4108 α
995 4076 1009 4112 t
1048 4078 1070 4100 α
1094 4058 1230 4109 Hem
1278 4054 1373 4107 istd

363 4140 493 4192 ratio
516 4138 742 4192 maxima
782 4150 876 4191 est.
910 4155 984 4189 ετ.
1020 4136 1141 4188 Non
1176 4134 1271 4187 tibi
1305 4134 1370 4185 il-

1461 2618 1561 2672 lud
1589 2638 1848 2691 apparere
1865 2660 1880 2687 ‚
1925 2622 1969 2673 si
1995 2640 2202 2689 sumas,
2240 2637 2416 2694 potest
2441 2652 2491 2681 ι.

1460 2700 1702 2752 Lucilius
1727 2699 1872 2771 apud
1898 2702 2142 2755 Nonium
2169 2723 2181 2753 ε
2213 2702 2240 2751 ἰ
2259 2705 2384 2759 Haec
2413 2717 2512 2761 est'

1459 2781 1596 2831 ratio
1618 2798 1864 2851 perversa
1892 2803 1903 2832 :
1945 2800 2050 2834 aera
2086 2795 2258 2835 sumta
2284 2797 2336 2837 et
2362 2788 2490 2838 sub-

1461 2857 1621 2911 ducta
1645 2860 1891 2931 improbe
1919 2887 1969 2913 n.
1989 2860 2184 2913 Sumere
2213 2863 2376 2933 igitur
2411 2878 2492 2918 est

1461 2937 1760 2993 subducere
1781 2981 1797 3004 ,
1849 2959 2112 2994 summam
2175 2943 2366 2997 facere.
2415 2946 2491 2997 At

1460 3038 1650 3071 censere
1691 3040 1791 3071 cera
1833 3033 1911 3072 est
1952 3019 2302 3092 dispungere,
2356 3042 2488 3077 con·
2570 3047 2573 3053 ·

1460 3100 1667 3168 spicere
1689 3133 1704 3159 ‚
1737 3100 1999 3170 numquid
2033 3100 2194 3172 digna
2230 3104 2334 3154 sint
2371 3122 2489 3174 quae

1462 3179 1793 3248 accipiantur
1837 3191 1891 3233 et
1940 3180 2360 3234 subscribantur.
2411 3184 2489 3238 Ut

1460 3258 1517 3309 in
1540 3259 1761 3311 Trucul.
1792 3261 1844 3323 1,
1878 3277 1901 3311 1
1936 3278 1950 3311 ε
1990 3285 2013 3307 ι
2040 3258 2287 3331 Adcipiat
2321 3262 2487 3316 inlieo

1462 3355 1716 3407 expensa,
1763 3356 1937 3409 neque
1989 3352 2262 3393 censeat».
2308 3341 2484 3406 Quem

1458 3417 1763 3469 babuerunt
1803 3418 1859 3470 in
1907 3433 2125 3488 promtu
2179 3420 2356 3473 locum
2403 3422 2486 3474 in-

1459 3508 1748 3567 terpretes,
1791 3496 1885 3549 sed
1925 3517 1994 3551 eo
2041 3494 2347 3552 nescierunt
2386 3502 2484 3555 uti.

1462 3576 1646 3640 Quum
1688 3578 1842 3630 toties
1879 3575 2095 3631 dixisset
2130 3597 2312 3631 servus
2357 3580 2488 3633 Cen-

1460 3675 1571 3718 seo,
1609 3654 1752 3707 Same
1796 3657 2016 3722 tandem,
2048 3658 2230 3728 inquit
2270 3658 2429 3713 herus
2465 3680 2480 3711 ε

1460 3754 1725 3787 summam
1766 3736 1847 3788 fac
1875 3753 1889 3787 ε
1924 3737 2047 3789 satis
2089 3738 2372 3804 censuisti,
2397 3740 2484 3793 vel

1461 3813 1783 3885 dispunxisti
1812 3815 2090 3869 rationem.
2121 3816 2375 3872 (ἔπιπτον.
2401 3852 2482 3862 -

1460 3896 1682 3947 Daceria
1719 3914 1830 3947 non
1871 3894 2086 3948 damnat
2115 3896 2287 3949 Gron.
2325 3898 2486 3951 inter-

1459 3975 1844 4045 pretationem3
1877 3974 1971 4027 sed
2000 3976 2252 4029 libentius
2284 3976 2484 4031 Salma-

1459 4054 1618 4105 sianae
1648 4054 1946 4124 acquiescit.
1980 4056 2167 4127 Neque
2188 4058 2485 4111 Truculen-

1458 4146 1571 4185 tum
1586 4132 1864 4187 commode
1878 4134 2178 4189 hiclaudari
2193 4155 2483 4191 censemus.
