3067 5017
839 401 1166 471 ACTUS
1213 402 1285 487 Ι,
1337 401 1676 473 SCENA
1723 403 1872 471 III.
2246 437 2253 445 ·
2336 400 2431 477 33

290 516 585 591 Multam
619 520 798 590 meis·
815 521 1040 590 verbis
1067 520 1372 593 salutem.
1410 546 1713 594 ADELPH.
1750 525 2009 595 Dicam.
2050 548 2266 597 Aaou.
2307 529 2435 597 At-

591 656 722 724 que
763 630 894 699 hoc
937 630 1117 699 audi.
1166 657 1474 703 ADELPH.
1522 634 1709 724 Quid
1748 634 1897 704 est?
2360 658 2437 711 ¹9⁵

289 764 509 813 Aeon.
557 740 800 811 Paucis
840 740 1058 810 verbis
1095 767 1237 811 rem
1274 743 1569 813 divinam
1608 744 1811 820 facito
1852 771 1867 815 :
1910 759 2115 840 atque
2158 746 2435 819 audin’?

587 850 863 944 respice.

283 984 602 1031 Annum.
641 960 949 1053 Respexi.
971 984 1186 1032 Acon.
1220 962 1406 1033 Idem
1427 961 1577 1057 ‚pol
1596 1016 1615 1048 ‚
1636 968 1967 1036 Venerem
1994 965 2195 1035 credo
2215 966 2430 1037 factu·

587 1096 730 1139 ram
759 1070 923 1140 tibi.

757 1354 762 1359 ·
829 1311 1284 1401 SCENA
1345 1312 1900 1401 TERTIA.

746 1525 1470 1597 AGoRAs‘rOCLEs
1485 1578 1506 1613 ‚
1557 1527 1976 1595 Mlero.

275 1746 504 1794 Acon.
543 1719 732 1817 Quid
769 1744 951 1790 nunc
989 1720 1152 1791 mihi
1194 1744 1262 1789 es
1295 1734 1573 1808 auctor,
1624 1719 1965 1816 Milphio?
2027 1746 2276 1798 mum.
2327 1728 2427 1825 Uss

572 1854 682 1897 me
717 1827 1020 1899 verberes
1042 1883 1062 1916 ‚

274 1941 506 2034 Atque
543 1938 926 2007 auctionem
969 1938 1174 2008 facias
1209 1963 1226 2007 ε
1269 1962 1427 2007 nam
1463 1940 1950 2033 impunissume

273 2051 429 2120 Tibi
468 2048 778 2142 quidem,
813 2045 1077 2130 hercle,
1115 2047 1404 2117 vendere
1446 2048 1643 2118 hasce
1682 2050 1877 2121 aedeis
1914 2050 2091 2121 licet.
2170 2102 2185 2115 .

275 2184 503 2231 Aeon.
559 2158 748 2246 Quid
781 2158 964 2251 jam?
1013 2182 1264 2229 mmm.
1313 2159 1642 2250 Major-em
1699 2175 1961 2254 partem
2010 2162 2081 2231 in
2132 2187 2251 2232 ore
2307 2165 2419 2233 ha-

571 2268 744 2337 bitas
773 2292 948 2337 mec.
1111 2340 1118 2349 ,

272 2402 497 2451 Aeon.
526 2376 940 2471 Supersede
923 2378 1065 2445 lstis
1089 2377 1328 2446 verbiS.
1354 2399 1605 2447 mmm.
1627 2376 1815 2467 Quid
1837 2403 2019 2449 nunc
2042 2380 2141 2450 vis
2169 2380 2336 2450 tibi?
2390 2400 2415 2439 ⁵

271 2513 490 2561 Aaou.
529 2492 890 2557 Trecentos
927 2485 1270 2581 Philippos
1307 2485 1683 2581 Collybisco
1728 2486 1952 2557 villico

269 2595 450 2666 Dedi
489 2594 749 2663 dudum
771 2648 791 2680 ‚
821 2595 1214 2689 priusquam
1252 2618 1366 2664 me
1397 2596 1689 2665 evocasti
1726 2595 1924 2665 foras.

270 2709 471 2787 Nunc
507 2704 786 2774 obsecro
825 2718 888 2773 te
909 2756 929 2791 ‚
963 2704 1295 2799 Milphio,
1331 2705 1508 2775 hanc
1545 2728 1667 2799 per
1698 2704 2073 2792 dexteram,

267 2820 528 2909 Perque
568 2814 744 2884 hanc
783 2838 1078 2883 sororem
1122 2812 1386 2903 laevam,
1422 2839 1675 2909 perque
1709 2812 1939 2883 oculos
1983 2829 2164 2903 tuos,

267 2928 528 3019 Perque
569 2948 754 2993 meos
796 2948 1092 3010 amor-(³3,
1128 2947 1381 3019 perque
1414 2923 1891 3018 Adelphasium
1928 2948 2182 3011 meam,

267 3038 529 3129 Perque
545 3048 730 3103 tuam
754 3032 1149 3103 libertatem.
1175 3057 1432 3105 mmm.
1451 3035 1623 3102 Hem
1657 3057 1838 3101 nunc
1866 3032 2034 3101 nihil
2068 3031 2399 3106 obsecras,

275 3168 484 3215 Aaou.
526 3144 630 3212 Mi
665 3142 1130 3237 Milphidisce,
1163 3168 1312 3213 mea
1354 3141 1809 3229 conmoditas',
1842 3166 1993 3212 mea
2024 3142 2237 3227 salus,

351 3346 483 3399 ¹97·
531 3326 700 3392 Idem,
734 3326 853 3397 pol,
894 3326 1143 3379 Venerem.
1200 3326 1285 3382 cf.
1375 3325 1479 3381 reti
1525 3342 1541 3377 ε
1597 3347 1620 3370 ι
1644 3321 1927 3377 Interdum
1979 3326 2123 3381 fessa
2163 3328 2403 3384 succedit

273 3408 474 3480 Captiv.
497 3406 602 3473 IV,
630 3426 698 3472 ει,
731 3408 823 3470 54.
1373 3405 1505 3459 laevn
1546 3405 1717 3457 sorori
1732 3443 1748 3470 ,
1794 3404 2140 3477 Alternatque
2183 3408 2322 3461 vices
2348 3434 2399 3464 ι.

350 3506 399 3541 a.
423 3487 717 3541 Auctionem
745 3484 943 3539 odium
975 3497 1209 3539 tuarum.
1373 3484 1601 3539 Tertull.
1630 3482 1699 3537 de
1714 3485 2063 3556 Animn,cap.
2080 3486 2183 3539 51:
2220 3512 2243 3535 ι
2266 3488 2400 3543 Cor·

348 3574 400 3630 4.
425 3566 501 3619 M.
515 3578 654 3638 part.
681 3571 736 3618 in
767 3586 849 3618 ore
875 3564 1026 3618 habit.
1059 3566 1175 3617 ηἰοο.
1205 3566 1287 3619 Ita
1371 3583 1476 3635 pus
1501 3576 1555 3617 et
1580 3564 1754 3617 anima
1778 3582 1985 3617 sorores
2017 3565 2319 3621 substantio
2346 3594 2397 3623 ι.

270 3664 391 3699 cum
412 3663 508 3698 ore
533 3664 654 3697 meo
673 3658 780 3698 tuae
801 3663 988 3698 manns
1005 3663 1288 3697 consueve-
1373 3644 1631 3698 Gau-mn.
2145 3702 2153 3707 ,

267 3737 392 3779 runt
409 3762 426 3789 ,
475 3736 542 3778 ut
570 3725 722 3795 quasi
749 3741 812 3779 ea
838 3725 906 3779 sit
937 3724 1043 3777 illis
1074 3724 1286 3778 hahita-
1457 3741 1543 3776 11.
1582 3722 1729 3776 Nihil
1768 3722 2005 3775 obsecras.
2048 3721 2244 3777 Servus
2276 3744 2394 3780 eam

269 3804 357 3858 tio.
390 3804 462 3855 Ν.
1373 3802 1781 3857 obtestationem
1828 3816 2022 3853 vanam
2062 3800 2223 3871 dicit,
2270 3807 2397 3877 quin
2436 3866 2444 3871 ,

345 3902 399 3953 9.
417 3881 643 3935 Sororem
667 3882 853 3937 lavam.
873 3881 1074 3954 Lepida
1096 3883 1284 3955 figura.
1375 3882 1512 3935 liber
1540 3899 1817 3952 nunquqm
1844 3880 1910 3932 sit
1932 3879 2168 3948 futurus,
2195 3897 2248 3938 et
2268 3903 2396 3955 per-

268 3961 458 4017 Omnia
481 3964 625 4015 enim
653 3962 804 4032 paria
831 3964 1286 4030 vocabantfratres
1372 3974 1588 4033 petuam
1618 3960 1722 4013 sibi
1758 3958 2069 4014 servitutem
2103 3963 2393 4017 ominatur.

266 4054 350 4095 ant
375 4062 578 4095 sorores.
609 4040 841 4095 Martini.
869 4042 906 4094 l.
931 4042 1084 4103 XIV,
1117 4043 1284 4113 epigr.
1373 4040 1533 4105 Nihil,
1551 4041 1589 4093 i.
1610 4056 1657 4091 e.
1678 4057 1792 4091 rem
1812 4057 1931 4110 qnae
1946 4041 2093 4093 nulla
2116 4054 2211 4095 est.
2226 4041 2389 4096 Acm-

271 4124 371 4185 148
408 4142 423 4174 =
471 4122 654 4177 lodices
681 4139 886 4175 sorores.
919 4122 1120 4177 Auctor
1164 4120 1289 4173 Mo·
1462 4139 1549 4172 12.
1610 4118 1935 4189 Milphidisce.
2001 4120 2399 4181 Di‘minutivutn

409 4222 556 4289 ΙΙΙ.
1579 4234 1588 4242 ·
2161 4213 2205 4284 3
