3067 5017
597 416 692 515 76

1356 382 1976 503 ΡοΕΝυιΰε,

593 544 819 632 Quam
865 542 1238 612 orationem
1274 541 1450 612 hanc
1493 542 1711 611 aureis
1752 538 2017 609 dulcem
2054 537 2421 611 devorant!

594 656 690 724 Ut
723 654 818 721 mi
856 654 1310 722 absterserunt
1347 678 1612 722 omnem
1661 648 2181 721 sorditudinem!

586 789 806 835 aeon.
847 766 916 833 Si
952 764 1038 832 ad
1069 788 1215 835 eam
1248 789 1384 834 rem
1417 764 1651 833 'testeis
1675 764 1995 849 habeam,
2030 760 2269 831 faciam
2308 759 2492 855 quod
2510 760 2731 854 jubes.

585 900 834 946 MILPH.
879 874 1066 964 Quid
1101 890 1176 945 tu
1217 876 1384 943 mihi
1423 873 1693 945 testeis?
1732 873 1898 967 quin
1936 887 2012 941 tu
2048 872 2297 941 insistis
2341 871 2630 943 fortiter.

583 983 827 1079 Aliqua
863 984 1133 1053 fortuna
1169 984 1368 1055 fuerit
1413 984 1717 1080 adjutrix
1750 983 1897 1052 tibi.

582 1119 802 1165 aeon.
838 1096 1146 1190 Incipere
1185 1094 1402 1166 multo
1441 1110 1543 1165 est
1566 1150 1585 1184 ,
1622 1118 1827 1189 quam
1863 1094 2235 1187 inpetrare,
2270 1090 2551 1162 facilius,

583 1230 841 1276 M1LPH.
877 1205 1010 1276 Sed
1045 1230 1350 1302 quaeuam
1390 1205 1563 1276 illaec
1602 1206 1745 1275 avis
1778 1219 1914 1292 est,
1941 1229 2093 1298 quae
2122 1203 2258 1272 huc
2294 1228 2449 1273 cum
2486 1204 2737 1274 tunicis

872 1315 1142 1385 advenit
1165 1317 1194 1386 Ρ

2682 1336 2733 1375 15

579 1426 922 1495 Numnam
959 1426 1011 1494 it
1045 1450 1084 1493 a
1117 1424 1370 1495 balneis
1405 1425 1909 1495 circumductus
1946 1420 2208 1518 pallio?

1380 1533 1561 1603 1444

577 1536 803 1603 Facies
846 1534 1117 1628 quidem
1163 1535 1376 1630 edepo

581 1646 819 1714 Servos
854 1644 1160 1738 quidem,
1191 1644 1432 1739 edepol
1456 1699 1475 1729 ‚
1516 1661 1769 1749 veteres
1801 1646 2248 1740 antiquosque
2281 1643 2505 1711 habet.

580 1778 706 1824 AG.
744 1754 883 1843 Qui
921 1755 1088 1825 scis?
1123 1776 1277 1827 Mn..
1317 1755 1560 1827 Viden’
1595 1756 1925 1825 homineis
1964 1755 2334 1824 sarcinatos
2371 1757 2733 1848 consequi?

582 1869 839 1959 Atque,
876 1879 951 1932 ut
977 1865 1245 1957 opinor,
1274 1865 1520 1961 digitos
1560 1867 1631 1934 in
1665 1866 1976 1934 manibus
2007 1890 2144 1933 non
2176 1864 2449 1933 habent.

579 1998 799 2045 aeon.
860 1973 1049 2063 Quid
1093 1975 1286 2067 jam?
1342 2000 1600 2049 M1LP11.
1646 1977 1829 2067 Quia
1876 1976 2198 2046 incedunt
2243 2000 2397 2043 cum
2441 1971 2732 2042 anulatis

870 2084 1168 2156 auribus·

577 2194 800 2266 Adibo
840 2194 1079 2283 hosce,
1123 2210 1324 2289 atque
1368 2196 1721 2291 adpellabo
1761 2197 2040 2267 Punice.
2130 2226 2137 2232 ·

573 2307 645 2377 Si
690 2306 1190 2401 respondebunt
1219 2362 1239 2395 ,
1275 2309 1524 2378 Punice
1568 2334 1844 2405 pergam
1880 2308 2113 2403 loqui:

575 2417 648 2486 Si
688 2442 863 2505 non3
902 2433 1046 2486 tum
1084 2417 1170 2486 ad
1207 2418 1453 2487 horum
1491 2442 1709 2490 mores
1748 2418 2050 2515 linguam
2090 2433 2383 2487 vorter0.

577 2578 721 2619 creta
738 2604 754 2631 ,
793 2584 920 2618 mox
941 2566 1059 2620 baec
1081 2569 1312 2621 carbone
1332 2569 1532 2622 notasti
1554 2594 1603 2623 ι.

579 2645 823 2711 Persius,
855 2644 962 2699 Sat.
975 2647 1048 2711 V,
1084 2668 1137 2702 v.
1164 2650 1267 2701 108
1289 2687 1304 2712 ,
1345 2647 1418 2702 ita
1443 2648 1605 2702 bonis

582 2727 721 2780 mala
752 2727 996 2780 secernit.
1029 2728 1098 2779 N.

661 2824 716 2875 9.
734 2805 1001 2859 Devorane.
1027 2807 1116 2859 cf.
1138 2806 1280 2859 Asin.
1299 2809 1406 2871 111,
1430 2809 1484 2873 3,
1509 2807 1604 2878 59,

583 2898 638 2939 et
663 2884 852 2938 Aulul.
881 2886 995 2951 111,
1033 2891 1101 2949 6,
1127 2906 1178 2939 1.

663 2972 752 3029 14.
781 2967 1048 3035 Iapeti-are.
1075 2967 1389 3036 Impetrare,
1406 2966 1474 3019 ad
1493 2967 1605 3019 exi·

578 3058 694 3099 tum
734 3045 1034 3116 perducere
1082 3046 1193 3098 sive
1231 3063 1606 3099 consummare

575 3139 671 3179 est.
701 3126 952 3195 Inpetrare
979 3137 1032 3177 et
1051 3137 1332 3195 perpetrare
1367 3127 1435 3179 ab
1463 3127 1604 3180 anti·

577 3224 688 3275 quo
745 3206 911 3257 verbo
969 3216 1120 3274 pate-o
1169 3203 1406 3259 derivata
1459 3218 1602 3259 sunt.

577 3286 844 3339 Duum.

663 3383 687 3416 1
704 3364 755 3417 5.
802 3363 944 3415 Avis.
997 3362 1150 3415 Ama
1191 3364 1438 3419 nominat
1489 3366 1607 3419 Ρω-

575 3464 708 3497 num
725 3482 740 3509 ,
785 3442 858 3495 ob
907 3444 1140 3495 manicas
1182 3444 1388 3499 alarum
1437 3444 1604 3499 instar

573 3524 829 3593 utrinque
867 3524 1098 3593 pensiles
1136 3524 1412 3595 libereque
1439 3524 1605 3577 fluen-

573 3616 672 3657 tes.
693 3602 974 3654 Manicatas
994 3616 1170 3656 autem
1198 3608 1384 3657 tunicas
1398 3605 1602 3675 probro

573 3684 707 3738 verti
724 3720 741 3747 ,
761 3680 992 3735 diximus
1010 3682 1294 3738 Pseudolo.
1316 3685 1548 3739 Tuum.

557 3770 560 3777 '
663 3766 756 3816 ιδ.
787 3762 1153 3815 Circumductus
1171 3766 1300 3835 pall.
1326 3765 1428 3818 Cui
1452 3766 1601 3818 furto

574 3842 800 3917 pallium
821 3842 1137 3915 subreptum
1159 3845 1244 3898 sit.
1268 3844 1429 3898 Multi
1450 3845 1604 3897 fuere

576 3926 632 3978 in
655 3922 860 3977 balneis
891 3922 1052 3976 fures.

658 4023 682 4057 1
696 4007 748 4057 8.
767 4002 964 4055 Veteres
981 4008 1310 4076 antiquosque.
1327 4004 1416 4058 Cf.
1433 4004 1599 4059 Most.

575 4086 662 4150 11,
700 4102 727 4137 2
746 4122 761 4147 ,
793 4081 887 4147 45.

657 4183 745 4233 ¹9·
790 4156 898 4233 Qut*
921 4166 1056 4215 scis?
1105 4163 1301 4219 Aiebat
1323 4165 1561 4236 Milphio
1579 4204 1600 4233 ,

1696 2588 1874 2623 servos
1904 2568 1983 2621 illi
2023 2569 2189 2620 Poeno
2224 2564 2430 2621 vetulos
2468 2582 2620 2619 esse:
2670 2562 2729 2617 id

1695 2648 1841 2703 unde
1872 2655 1998 2702 sciat
2034 2659 2251 2717 rogatus
2268 2684 2283 2711 ,
2311 2645 2457 2715 ipsos
2478 2644 2727 2698 homines

1694 2739 2079 2783 commonstrat
2102 2744 2230 2781 cum
2258 2726 2480 2781 sarcinis
2504 2743 2731 2797 sequen-

1694 2823 1791 2863 tes.
1817 2810 1849 2861 J
1854 2821 2039 2861 ocatur
2068 2818 2249 2859 autem
2284 2807 2340 2858 in
2369 2807 2585 2859 schema
2616 2823 2725 2857 sar-

1694 2890 2034 2952 cinator-um,
2088 2886 2183 2957 qui
2224 2885 2323 2937 sub
2363 2904 2528 2938 onere
2573 2884 2725 2937 curvi

1694 2968 2005 3022 incedentes
2023 3005 2040 3032 ,
2093 2964 2350 3019 videntur
2398 2984 2547 3018 senes
2594 2964 2726 3017 assi-

1695 3049 1901 3101 mulare
1921 3046 2088 3099 aetatis
2112 3043 2370 3115 pondere,
2390 3044 2542 3117 quasi
2563 3047 2721 3097 AEtna

1693 3128 1993 3199 depressos.
2026 3127 2264 3180 Acmu..

1779 3226 1872 3259 21.
1922 3207 2157 3260 Anulatis
2198 3204 2409 3255 auribus.
2452 3200 2597 3255 Male
2635 3220 2725 3254 au-

1692 3286 1915 3340 diebant
1962 3285 2107 3357 apud
2134 3286 2429 3337 'Romanos
2474 3282 2725 3345 barbari,

1691 3367 1988 3437 praesertim
2018 3365 2194 3429 Poeni,
2228 3364 2321 3436 qui
2353 3380 2508 3416 aures
2542 3363 2725 3432 perfo-

1690 3460 1830 3499 ratas
1853 3446 2157 3509 habebant3
2185 3462 2361 3513 neque
2384 3441 2725 3495 mediocriter

1692 3545 1783 3579 eos
1812 3528 2213 3579 aversabantur.
2246 3524 2520 3576 Lucilius:
2564 3548 2587 3569 ι
2612 3520 2719 3573 Ne·

1692 3624 1853 3679 quam
1890 3618 2001 3670 est,
2038 3622 2229 3659 aurum
2262 3622 2415 3655 aures
2454 3604 2605 3672 cujus
2632 3619 2719 3653 ve·

1690 3686 1996 3739 hementius
2046 3684 2217 3737 ambit
2261 3708 2309 3735 ι.
2360 3680 2523 3735 Unde
2569 3682 2722 3752 jocus

1691 3766 1807 3821 Cic.
1837 3766 1893 3818 iu
1922 3764 2153 3819 Afrum:
2192 3789 2214 3811 ιι
2237 3762 2405 3834 Atqui
2428 3778 2614 3815 aurem
2644 3760 2724 3811 fo·

1688 3859 1857 3899 ratam
1881 3845 2072 3911 habes,
2091 3856 2193 3897 etc.
2222 3868 2246 3889 ι
2280 3846 2422 3896 Ean.

1776 3933 1867 3990 ²4·
1904 3924 1997 3977 Ad
2026 3927 2192 3977 horum
2230 3942 2399 3975 mores.
2445 3919 2720 3989 Ambigue

1662 3984 1928 4069 'dictum3
1962 4024 2194 4076 namque
2234 4004 2412 4073 palam
2456 4000 2721 4070 significat

1686 4104 1745 4138 se
1788 4085 1856 4139 ad
1900 4086 2173 4157 hospitum
2213 4100 2418 4136 morem
2460 4076 2719 4155 loquendi

1686 4184 1987 4219 sermonem
2049 4182 2207 4217 suum
2278 4156 2717 4215 accommodatu-
