3067 5017
1089 391 1782 461 TESTIMONIA.
2360 394 2495 464 601

367 537 502 610 que
529 513 722 607 logos
754 509 1080 596 arbitror,
1109 537 1187 580 ac
1223 511 1388 580 adeo
1426 511 1745 582 ridiculos
1766 565 1784 598 ,
1811 528 1920 600 ut,
1950 514 2003 582 si
2036 517 2367 611 ἀγέλαστος
2400 516 2512 586 ille

371 629 652 697 Crassus
684 622 1003 708 audisset,
1039 622 1226 690 haud.
1249 620 1431 692 aliud
1461 622 1667 691 fuerit
1698 622 1995 692 facturus
2014 677 2032 710 ,
2064 649 2300 718 quam,
2330 626 2513 720 quod

369 735 530 830 egit,
550 757 760 827 quum
787 733 1046 801 asinum
1085 731 1253 800 vidit
1277 731 1737 810 comedentem
1774 732 2079 802 carduoS.
2110 735 2395 804 Facilius
2424 737 2539 822 ei-¹

371 845 520 914 dem
560 866 924 928 assensero,
961 866 1170 934 quum
1209 867 1552 911 sermones
1578 842 1669 911 ita
1701 841 2181 935 interpretatur
2210 845 2279 912 in
2312 844 2522 914 altero

369 953 694 1026 Varronis
733 949 917 1034 loce,
947 951 1063 1043 qui
1093 950 1452 1020 adducitur
1487 975 1524 1019 e
1570 955 2005 1021 Parmenone.
2049 955 2186 1022 Ubi
2228 953 2324 1022 sic
2358 956 2519 1024 scri-

369 1078 630 1158 pserat,
661 1062 788 1129 ain·
812 1061 1223 1154 argumentis
1252 1059 1561 1130 Caecilius
1596 1058 1886 1153 palmam
1928 1062 2183 1162 poscit,
2211 1062 2279 1130 in
2308 1065 2513 1138 ἤθεσιν

369 1173 755 1244 Terentius:
789 1173 859 1239 in
881 1171 1302 1240 sermonibus
1324 1169 1675 1240 Plautus.»
1694 1161 2017 1260 Qtioloco
2037 1174 2237 1240 etiam
2273 1173 2518 1242 doctis-

369 1285 574 1352 simus
606 1281 905 1353 Andreas
952 1280 1269 1350 Schottus
1311 1305 1432 1375 per
1465 1303 1832 1352 sermones
1872 1280 2154 1374 intelligi
2193 1280 2357 1350 sales
2394 1307 2516 1376 pu-

369 1395 534 1462 tavit
604 1392 882 1462 Interim
935 1415 1060 1458 nec
1108 1390 1313 1484 hujus
1380 1389 1508 1459 loci
1574 1392 1975 1461 sententiam
2026 1393 2293 1485 penitus
2349 1417 2522 1467 asse-

367 1499 926 1598 quuntur3'quod
976 1516 1050 1568 ut
1096 1515 1362 1594 pareat,
1401 1501 1568 1569 scito
1624 1526 1831 1594 opuS,
1887 1502 2016 1570 tria
2067 1502 2135 1568 in
2198 1500 2521 1570 comoedia

367 1613 651 1709 spectari
679 1629 713 1680 ἐ
766 1612 1060 1704 primum
1107 1611 1492 1705 argumenti
1547 1611 2001 1680 inventionem
2054 1636 2131 1680 ac
2184 1613 2518 1703 οἰκονομίαν

371 1724 510 1792 sive
551 1722 918 1802 ordinem,
983 1719 1224 1790 deinde
1267 1724 1338 1789 τὸ
1388 1723 1613 1808 ἠθικὸν,
1652 1722 1791 1790 sive
1826 1721 2209 1792 hominum.
2244 1745 2516 1806 moreS,

289 1867 292 1870 ⁴
366 1836 484 1928 qui
537 1858 662 1928 pro
700 1856 983 1928 persona
1025 1832 1388 1926 cujusque,
1433 1833 1486 1902 si
1534 1833 1795 1925 uspiam
1844 1833 2109 1908 sanein
2156 1831 2518 1910 comoedia,

365 1959 518 2037 apte
562 1943 843 2038 exprimi
877 1942 1152 2029 debent,
1192 1945 1390 2012 tertio
1433 1956 1657 2014 autem
1694 1941 1842 2012 loco
1897 1945 2111 2038 φράσιν
2144 1965 2258 2010 seu
2295 1941 2525 2012 elocu-

367 2056 658 2139 tionem,
706 2079 856 2146 quae
897 2077 1034 2120 non
1073 2052 1279 2120 verba
1317 2052 1561 2139 modo,
1603 2051 1715 2120 sed
1768 2053 1969 2122 etiam
2010 2048 2277 2122 διάνοιαν
2314 2052 2521 2145 respi-

363 2165 471 2234 cit.
501 2168 584 2233 In
611 2163 831 2258 primo
859 2162 1101 2230 horum
1125 2164 1218 2230 ait
1235 2153 1455 2231 Varro
1487 2163 1833 2249 Caecilium
1866 2165 2170 2248 vincere,
2200 2162 2266 2232 in
2302 2161 2515 2232 altero

364 2273 784 2356 Terentium,
802 2273 872 2339 in
889 2272 1089 2340 tertio
1110 2270 1444 2340 Plautum.
1471 2276 1573 2340 Ex
1592 2297 1729 2365 quo
1752 2273 1984 2340 eadem
2009 2275 2481 2366 cognoscimus
2496 2324 2515 2357 ‚

365 2408 634 2453 causam
661 2407 799 2451 non
829 2407 988 2467 esse,
1019 2406 1339 2468 cur,cum
1368 2380 1604 2450 eodem
1624 2384 1901 2469 Loensi,
1922 2407 2046 2476 pro
2060 2389 2507 2478 argumentis

364 2493 804 2561 rescribamus
841 2493 1108 2588 ‘redosc-ty.
1154 2494 1561 2585 Quanquam
1596 2491 1665 2559 id
1703 2491 2069 2584 aliquando
2107 2517 2245 2560 non
2283 2492 2513 2587 displi-

363 2602 578 2670 cuerit
613 2601 780 2668 mihi
811 2627 826 2669 ε
869 2601 1191 2669 nimirum
1221 2616 1496 2694 propt-er
1533 2599 1647 2669 illa
1676 2600 1980 2696 ejusdem
2002 2602 2334 2670 Varronis
2366 2627 2515 2696 quae

363 2737 443 2780 ex
503 2712 742 2805 quinto
787 2710 869 2779 de
917 2713 995 2780 L.
1039 2714 1120 2780 L.
1165 2711 1515 2780 Charisius
1566 2711 1884 2780 adducit:
1930 2741 1965 2776 ε(
2000 2713 2111 2788 ἤθη
2165 2709 2336 2779 nulli
2400 2711 2515 2780 alii

364 2845 624 2890 servare
661 2823 1016 2906 convenit,
1062 2847 1265 2915 quam
1301 2825 1358 2889 T
1365 2821 1609 2890 itinnio
1646 2837 1714 2890 et
1748 2823 2067 2892 Terentio
2099 2848 2114 2890 ε
2158 2825 2319 2898 πάθη
2364 2848 2521 2892 vero

362 2931 619 3001 Trabea
655 2945 722 3001 et
762 2930 1035 3000 Attilius
1082 2946 1148 3000 et
1192 2929 1535 3018 Caecilius,
1578 2929 1775 3002 facile
1810 2945 2255 3000 moverant».
2312 2933 2516 3002 Nunc

366 3065 500 3109 non
535 3043 708 3121 tanti
737 3039 907 3110 illud
935 3041 1227 3129 videtur,
1255 3056 1332 3110 ut
1369 3041 1621 3111 idcirco
1656 3066 1997 3111 assensum
2018 3040 2516 3110 accommodem

363 3153 635 3222 Loensi.
675 3154 850 3222 Nam
883 3150 1050 3221 nihil
1089 3150 1440 3245 prohibet,
1479 3175 1615 3246 quo
1644 3151 1869 3218 minus
1902 3149 2079 3218 idem
2116 3148 2423 3220 Caecilius
2454 3165 2521 3218 et

361 3264 776 3356 argumentis
820 3278 886 3330 et
928 3261 1178 3331 ciendis
1218 3261 1571 3331 affectibus
1618 3261 1869 3330 vicerit.
1922 3263 2068 3330 Nec
2106 3285 2183 3330 ea
2234 3275 2331 3330 est
2376 3260 2521 3328 affi-

362 3373 538 3440 nitas
572 3373 770 3449 ‚inter
806 3371 941 3440 duo
979 3373 1126 3442 haec
1157 3371 1520 3456 vocabula,
1568 3386 2005 3466 argumenta
2042 3387 2115 3440 et
2128 3371 2399 3468 pathe,
2446 3386 2523 3440 ut

362 3481 720 3552 verisimile
753 3481 906 3571 fiat,
953 3508 1180 3553 errore
1209 3481 1468 3552 librarii
1504 3479 1791 3552 alterum
1834 3479 2111 3550 alterius
2150 3479 2373 3550 locum
2409 3505 2523 3550 oc-

362 3615 664 3687 cupasse.

460 3784 774 3853 Vidimus
805 3783 892 3876 ⁴de
922 3783 1035 3870 iis,
1071 3783 1226 3877 qui,
1265 3807 1348 3849 ne
1371 3785 1587 3852 Varro
1626 3779 1942 3876 praeclare
1985 3777 2153 3846 adeo
2183 3776 2264 3844 de
2294 3775 2515 3845 Plauti
2554 3833 2558 3840 .

361 3893 531 3988 stylo
568 3879 844 3963 sensisse
883 3893 1214 3982 videatur,
1253 3891 1456 3961 verba
1489 3891 1633 3984 ejus
1676 3893 1745 3959 in
1789 3889 1987 3981 longe
2025 3886 2225 3956 aliam
2256 3901 2521 3956 senten-

362 4005 528 4074 tiam
573 4003 953 4074 deflectunt.
991 4005 1212 4075 Venio
1255 4025 1438 4070 nunc
1490 3999 1575 4069 ad
1621 3999 1817 4087 istos,
1873 3999 1988 4092 qui
2041 3994 2209 4064 illud
2245 3996 2517 4092 quidem

363 4128 744 4209 agnoscunt
781 4115 851 4183 in
890 4100 1195 4184 sermone
1231 4113 1315 4182 ab
1352 4135 1433 4180 eo
1465 4110 1782 4180 Plautum
1821 4107 2134 4178 omnibus
2170 4106 2515 4202 praeferri,
