3067 5017
889 424 1233 495 AcTth
1280 422 1448 509 111,
1498 422 1837 494 SCENA
1884 426 1975 507 v,
2410 422 2505 521 59

355 547 796 643 Peregrinum
835 548 1242 640 Spartanum
1263 600 1283 632 ,
1325 544 1396 613 id
1431 570 1611 615 nunc
1640 546 1743 615 his
1770 547 2124 618 cerebrum
2160 548 2404 637 uritur,
2454 570 2507 611 ιι

355 660 466 725 Me
508 683 650 727 esse
685 658 815 725 hos
858 672 1194 725 trecentos
1233 654 1583 751 Philippos
1617 654 1954 727 facturum
1999 655 2188 727 lucri.

355 770 556 838 Nunc
595 769 782 836 hunc
824 767 1174 835 inimicum
1217 766 1376 861 quia
1415 790 1557 835 esse
1594 766 1934 835 sciverunt
1977 766 2185 853 mihi,

355 882 530 947 Eum
571 877 1091 973 adlegaverunt,
1127 902 1318 947 suom
1356 877 1474 971 qui
1511 902 1774 945 servom
1810 877 2062 946 diceret

357 991 527 1059 Cum
567 1015 736 1059 auro
775 1016 916 1059 esse
957 988 1138 1084 apud
1173 1012 1327 1057 me:
1365 988 1717 1081 conposita
1740 986 1815 1055 ’st
1861 985 2157 1075 fallacia,

353 1101 450 1167 Ut
488 1123 570 1167 eo
603 1124 712 1165 me
746 1098 1044 1191 privent,
1081 1112 1282 1191 atque
1320 1098 1494 1165 inter
1529 1098 1599 1166 se
1642 1096 1966 1166 dividant.
2456 1112 2511 1151 ³⁴·

353 1210 550 1301 Lupo
593 1232 844 1299 agnum
880 1206 1138 1301 eripere
1181 1206 1561 1301 postulant,
1605 1232 1813 1301 nugas
1851 1221 2085 1301 agunt:

355 1340 570 1387 Aaou.
612 1321 914 1411 Negasne
950 1318 1134 1411 apud
1175 1333 1240 1385 te
1277 1342 1418 1386 esse
1449 1308 1742 1399 aurum,
1772 1341 1896 1385 nec
1935 1341 2196 1385 servom
2234 1313 2504 1384 meom?

355 1451 511 1497 mc.
549 1430 784 1522 Nego,
821 1440 892 1495 et
937 1426 1281 1521 negando,
1321 1428 1374 1495 si
1407 1426 1579 1520 quid
1625 1426 1862 1510 refert,
1904 1425 2111 1495 ravio.

355 1561 521 1607 Anv.
565 1538 806 1605 Peristi
829 1593 848 1623 ,
882 1536 1034 1607 leno
1065 1563 1080 1605 τ
1121 1563 1278 1609 nam
1316 1539 1438 1606 iste
1475 1552 1581 1605 est
1624 1536 1825 1629 hujus
1863 1530 2159 1619 villicuS,

342 1650 576 1738 'Quem
615 1648 737 1715 tibi
774 1673 898 1715 nos
942 1673 1080 1715 esse
1118 1648 1517 1742 Spartiatem
1561 1645 1885 1733 diximuS,
2450 1661 2511 1701 ³⁵*

356 1759 493 1847 Qui
535 1756 624 1825 ad
660 1772 726 1825 te
764 1771 1098 1825 trecentos
1136 1757 1340 1829 modo
1383 1756 1737 1849 Philippos
1779 1753 2041 1824 detulit.

353 1866 566 1959 quue
597 1866 766 1935 adeo
800 1867 872 1933 in
910 1868 1078 1935 istoc
1105 1892 1344 1935 aurum
1385 1868 1557 1935 inest
1589 1868 1952 1961 marsupio.

354 1999 507 2045 mc.
549 1978 673 2043 Vae
716 1989 956 2047 vostrae
984 1978 1203 2046 aetati.
1191 1974 1204 2026 ⁸
1240 2001 1404 2047 Anv.
1444 1977 1523 2045 ld
1557 1976 1880 2070 quidem
1864 2002 1932 2044 ιι]
1970 1972 2253 2043 mundo’
2257 1987 2319 2041 st
2348 1984 2502 2041 tuae.

355 2110 570 2157 AGOR.
609 2086 787 2181 Age,
819 2088 1051 2155 omitte
1096 2102 1440 2173 actutum,
1480 2086 1795 2175 furcifer,
1834 2086 2285 2179 marsupium3

353 2194 717 2266 Manifesto
753 2196 864 2265 fur
906 2221 974 2264 es
1011 2197 1226 2267 mihi:
1279 2222 1547 2291 quaeSO,
1588 2194 1848 2283 hercle,
1889 2221 2162 2291 operam
2207 2194 2396 2286 date,
2455 2214 2507 2255 ⁴0

352 2308 539 2375 Dum
579 2331 688 2373 me
720 2306 1004 2374 videatis
1050 2332 1310 2375 servom
1351 2308 1435 2375 ab
1475 2306 1607 2376 hoc
1645 2306 1995 2375 abducere.

353 2440 502 2486 mcc,
545 2420 789 2503 Nune,
827 2416 988 2511 pol,
1029 2442 1154 2511 ego
1191 2418 1360 2510 perii
1399 2431 1623 2503 cert0,
1672 2416 1853 2485 haud
1900 2415 2277 2487 arbitrario.

355 2522 685 2594 Consulto
725 2525 856 2593 hoc
889 2522 1174 2600 factum’
1179 2542 1272 2612 st,
1313 2526 1480 2594 mihi
1526 2542 1602 2594 ut
1641 2526 1897 2593 insidiae
1934 2525 2195 2593 fierent.

354 2636 484 2703 Sed
522 2634 686 2729 quid
723 2660 847 2729 ego
890 2635 1126 2705 dubito
1163 2636 1392 2731 fugere
1433 2635 1595 2703 hinc
1633 2638 1703 2702 in
1745 2633 1987 2703 malam
2032 2659 2335 2723 crucem,

351 2747 751 2840 Priusquam
796 2746 1066 2817 obtorto
1091 2746 1280 2829 ¹collo
1317 2746 1401 2813 ad
1438 2758 1797 2839 praetorem
1832 2742 2117 2815 trahor?
2218 2808 2221 2813 .
2454 2768 2506 2816 ⁴⁵

345 2962 492 3018 Illud
513 2976 694 3017 autem
714 2966 768 3017 1ιί
786 2984 897 3017 non
921 2965 1089 3019 habet
1113 2984 1222 3035 quo
1248 2966 1383 3019 refe·
1558 2964 1651 3034 39.
1703 2964 1819 3033 Age
1834 3005 1851 3029 ,
1898 2966 2080 3016 omitte.
2122 2962 2275 3017 'Hinc
2322 2964 2497 3017 furem

348 3056 519 3107 ratur,
541 3063 691 3097 more
720 3046 946 3100 comico.
965 3047 1151 3099 Tuan.
1191 3076 1264 3091 ο·-
1290 3046 1380 3099 cf.
1471 3042 1582 3099 dici
1613 3044 1952 3099 ‘manifestum
1991 3062 2103 3097 non
2144 3062 2327 3114 posse,
2372 3058 2498 3114 post

351 3124 588 3177 Mostell.
618 3127 664 3189 Ι,
690 3124 745 3188 3,
771 3126 866 3192 93.
1469 3143 1581 3176 rem
1602 3124 1658 3175 in
1684 3123 2005 3176 destinatum
2030 3126 2206 3176 locum
2224 3124 2506 3193 perlatam,

435 3204 530 3256 25.
593 3202 850 3255 Cembmm
911 3206 1098 3267 uritur,
1153 3202 1379 3269 dolent,
1467 3203 1719 3273 quamvis
1744 3222 1865 3255 oum
1894 3204 2009 3274 ipsa
2034 3222 2094 3257 re
2126 3202 2501 3273 deprehenda-

351 3300 494 3354 aegre
515 3283 718 3335 ferunt.
1269 3304 1274 3309 ·
1461 3295 1581 3347 tur-3
1610 3283 1719 3337 imo
1762 3301 1833 3335 ne
1877 3283 2052 3335 furem
2094 3281 2315 3353 quidem
2354 3301 2499 3347 esse,

433 3361 530 3416 31.
549 3363 727 3433 Nugas
753 3374 931 3433 agunt.
968 3362 1132 3415 Conf.
1168 3364 1377 3417 Asinar.
1463 3380 1635 3433 quum
1662 3362 1788 3414 dolo
1810 3364 1953 3415 malo
1980 3379 2094 3414 rem
2124 3362 2349 3415 alienam
2383 3380 2497 3414 non

347 3442 434 3495 111
451 3480 468 3504 ‚
505 3447 540 3497 6
558 3481 576 3506 ,
605 3463 696 3497 ια.
1465 3442 1836 3505 contrectat-it,
1857 3440 2017 3494 docet
2044 3442 2393 3493 Hotomanus.

433 3522 532 3577 33.
577 3524 754 3576 flavio.
805 3521 922 3574 Hoc
969 3524 1078 3585 es't,
1127 3535 1375 3577 contenta
1552 3528 1637 3585 40.
1683 3522 1896 3591 Operam
1922 3522 2053 3573 date.
2084 3520 2242 3574 Cous.
2268 3521 2489 3575 Caroni.

350 3618 484 3654 voce
507 3600 578 3655 ad
609 3602 782 3654 ravim
805 3620 976 3669 usque
999 3603 1230 3655 clamans
1253 3622 1377 3672 per·
1460 3602 1549 3665 ΙΙ,
1582 3620 1609 3652 2
1630 3639 1645 3660 ‚
1672 3618 1726 3669 9.

347 3699 507 3750 nego,
545 3684 736 3736 Tomi.
777 3714 856 3723 —
889 3680 1167 3734 Isidorus:
1198 3684 1377 3747 flavit,
1554 3686 1643 3742 42.
1686 3681 1848 3731 Haud
1889 3678 2176 3731 arbitrario.
2210 3679 2341 3731 »Non
2390 3692 2496 3738 ent,

347 3780 494 3811 mace
531 3762 764 3833 loquitur.
802 3760 1058 3814 Gnozeov.
1083 3790 1171 3804 ---
1195 3762 1376 3814 Aulul.
1467 3759 1615 3831 quod
1658 3760 1940 3831 quisquam
1984 3758 2125 3811 dieat
2160 3776 2217 3810 se
2246 3760 2499 3813 arbitrari

348 3840 436 3905 11,
465 3840 523 3905 5,
547 3859 636 3893 ιο.
1467 3857 1556 3892 me
1577 3839 1795 3909 periisse
1809 3879 1823 3904 ,
1846 3836 1940 3890 sed
1960 3851 2132 3908 potest
2156 3838 2263 3889 hoe
2288 3838 2499 3909 liquido

432 3920 529 3990 37.
559 3921 732 3985 Adeo,
757 3920 938 3972 etiam.
1457 3918 1669 3971 dicere.
1704 3920 1891 3971 Luta.
1919 3948 1999 3964 --
2029 3918 2244 3981 Sticho,
2276 3920 2395 3981 ΙΙΙ,
2426 3938 2459 3975 a
2480 3960 2497 3984 ,

436 4001 533 4053 38.
573 4000 768 4053 AEtaet'.
797 3997 1055 4053 Bacehid.
1081 4000 1150 4064 1,
1183 4018 1211 4049 n
1229 4038 1250 4063 ,
1271 4000 1313 4052 ·5
1329 4018 1376 4051 1.
1473 4006 1539 4061 41
1564 4019 1576 4049 z
1618 4023 1639 4044 ι
1665 3998 1805 4050 Perii
1829 3998 1985 4068 plane
1996 4038 2019 4078 3
2042 4016 2154 4051 non
2176 3998 2411 4050 obnoxie
2436 4022 2484 4049 ι.

351 4078 518 4131 -1d.
543 4079 629 4132 cf.
651 4080 766 4131 mii.
787 4079 864 4147 ΙΙ,
893 4078 956 4143 3,
982 4078 1230 4132 §Se-dn
1253 4096 1384 4131 mun·
1469 4078 1563 4130 Cf.
1589 4077 1789 4147 Amph.
1816 4078 1869 4141 Ι,
1902 4096 1954 4143 ι,
1978 4082 2112 4131 216.
2140 4076 2325 4130 (ἔνιοι

356 4157 420 4208 do
441 4158 519 4212 ἐι.
561 4158 714 4212 Asin,
738 4160 826 4224 ΙΙ,
855 4176 902 4223 ι,
935 4162 1025 4212 16.
1467 4233 1474 4237 .
1559 4155 1653 4219 45.
1703 4156 1929 4211 Obtorto·
1964 4158 2110 4210 collo.
2158 4157 2367 4225 Rapere
2406 4156 2503 4207 ob·
