<?xml version="1.0" encoding="UTF-8"?>
<!DOCTYPE html PUBLIC "-//W3C//DTD XHTML 1.0 Transitional//EN"
    "http://www.w3.org/TR/xhtml1/DTD/xhtml1-transitional.dtd">
<html xmlns="http://www.w3.org/1999/xhtml" xml:lang="en" lang="en">
 <head>
  <title>
</title>
<meta http-equiv="Content-Type" content="text/html;charset=utf-8" />
  <meta name='ocr-system' content='tesseract 3.04.00' />
  <meta name='ocr-capabilities' content='ocr_page ocr_carea ocr_par ocr_line ocrx_word'/>
</head>
<body>
  <div class='ocr_page' id='page_1' title='image "./macciiplauticom00naudgoog_0076.png"; bbox 0 0 3067 5017; ppageno 0'>
   <div class='ocr_carea' id='block_1_1' title="bbox 640 426 1981 513">
    <p class='ocr_par' dir='ltr' id='par_1_1' title="bbox 640 426 1981 513">
     <span class='ocr_line' id='line_1_1' title="bbox 640 426 1981 513; baseline -0.003 -14"><span class='ocrx_word' id='word_1_1' title='bbox 640 428 738 501; x_wconf 88' lang='lat'><strong>66</strong></span> <span class='ocrx_word' id='word_1_2' title='bbox 1401 426 1981 513; x_wconf 74' lang='lat' dir='ltr'><strong>PoENULUS,</strong></span> 
     </span>
    </p>
   </div>
   <div class='ocr_carea' id='block_1_2' title="bbox 573 549 2797 2055">
    <p class='ocr_par' dir='ltr' id='par_1_2' title="bbox 631 549 2790 729">
     <span class='ocr_line' id='line_1_2' title="bbox 631 549 2790 643; baseline -0.001 -20"><span class='ocrx_word' id='word_1_3' title='bbox 631 574 886 623; x_wconf 63' lang='lat' dir='ltr'><strong>mum.</strong></span> <span class='ocrx_word' id='word_1_4' title='bbox 922 554 1180 643; x_wconf 81' lang='lat' dir='ltr'><strong>Apage.</strong></span> <span class='ocrx_word' id='word_1_5' title='bbox 1219 571 1418 619; x_wconf 77' lang='lat' dir='ltr'><strong>snrc.</strong></span> <span class='ocrx_word' id='word_1_6' title='bbox 1460 550 1705 620; x_wconf 87' lang='lat' dir='ltr'><strong>Nescio</strong></span> <span class='ocrx_word' id='word_1_7' title='bbox 1748 549 1913 643; x_wconf 90' lang='lat' dir='ltr'><strong>quid</strong></span> <span class='ocrx_word' id='word_1_8' title='bbox 1954 549 2081 619; x_wconf 82' lang='lat' dir='ltr'><strong>viri</strong></span> <span class='ocrx_word' id='word_1_9' title='bbox 2118 549 2228 617; x_wconf 88' lang='lat' dir='ltr'><strong>sis.</strong></span> <span class='ocrx_word' id='word_1_10' title='bbox 2275 572 2527 619; x_wconf 72' lang='lat' dir='ltr'><strong>mmm.</strong></span> <span class='ocrx_word' id='word_1_11' title='bbox 2568 549 2790 621; x_wconf 88' lang='lat' dir='ltr'><strong>Malus</strong></span> 
     </span>
     <span class='ocr_line' id='line_1_3' title="bbox 925 657 2348 729; baseline 0 -1"><span class='ocrx_word' id='word_1_12' title='bbox 925 684 1094 728; x_wconf 88' lang='lat' dir='ltr'><strong>sum.</strong></span> <span class='ocrx_word' id='word_1_13' title='bbox 1141 682 1336 729; x_wconf 68' lang='lat' dir='ltr'><strong>sntc.</strong></span> <span class='ocrx_word' id='word_1_14' title='bbox 1383 658 1540 727; x_wconf 86' lang='lat' dir='ltr'>Tibi</span> <span class='ocrx_word' id='word_1_15' title='bbox 1579 659 1689 727; x_wconf 75' lang='lat' dir='ltr'><strong>sis·</strong></span> <span class='ocrx_word' id='word_1_16' title='bbox 1734 682 1989 729; x_wconf 65' lang='lat' dir='ltr'><strong>ulum.</strong></span> <span class='ocrx_word' id='word_1_17' title='bbox 2031 663 2127 728; x_wconf 92' lang='lat' dir='ltr'><strong>Te</strong></span> <span class='ocrx_word' id='word_1_18' title='bbox 2172 657 2348 728; x_wconf 87' lang='lat' dir='ltr'><strong>volo.</strong></span> 
     </span>
    </p>

    <p class='ocr_par' dir='ltr' id='par_1_3' title="bbox 573 752 2791 950">
     <span class='ocr_line' id='line_1_4' title="bbox 573 752 2791 864; baseline -0.001 -21"><span class='ocrx_word' id='word_1_19' title='bbox 573 752 578 757; x_wconf 31' lang='lat'><em>⁶</em></span> <span class='ocrx_word' id='word_1_20' title='bbox 633 797 831 845; x_wconf 75' lang='lat' dir='ltr'><strong>snm.</strong></span> <span class='ocrx_word' id='word_1_21' title='bbox 869 775 961 842; x_wconf 86' lang='lat' dir='ltr'><strong>At</strong></span> <span class='ocrx_word' id='word_1_22' title='bbox 993 794 1166 839; x_wconf 89' lang='lat' dir='ltr'><strong>onus</strong></span> <span class='ocrx_word' id='word_1_23' title='bbox 1203 783 1419 863; x_wconf 83' lang='lat' dir='ltr'><strong>urget.</strong></span> <span class='ocrx_word' id='word_1_24' title='bbox 1461 792 1724 839; x_wconf 72' lang='lat' dir='ltr'><strong>Mrnrn.</strong></span> <span class='ocrx_word' id='word_1_25' title='bbox 1758 772 1851 839; x_wconf 88' lang='lat' dir='ltr'><strong>At</strong></span> <span class='ocrx_word' id='word_1_26' title='bbox 1883 784 1957 838; x_wconf 88' lang='lat' dir='ltr'><strong>tu</strong></span> <span class='ocrx_word' id='word_1_27' title='bbox 1988 769 2290 864; x_wconf 83' lang='lat' dir='ltr'>adpone,</span> <span class='ocrx_word' id='word_1_28' title='bbox 2325 785 2394 838; x_wconf 91' lang='lat' dir='ltr'><strong>et</strong></span> <span class='ocrx_word' id='word_1_29' title='bbox 2422 770 2677 863; x_wconf 86' lang='lat' dir='ltr'><strong>respice</strong></span> <span class='ocrx_word' id='word_1_30' title='bbox 2704 771 2791 841; x_wconf 87' lang='lat' dir='ltr'><strong>ad</strong></span> 
     </span>
     <span class='ocr_line' id='line_1_5' title="bbox 925 882 2789 950; baseline 0.001 -2"><span class='ocrx_word' id='word_1_31' title='bbox 925 906 1053 949; x_wconf 88' lang='lat' dir='ltr'><strong>me.</strong></span> <span class='ocrx_word' id='word_1_32' title='bbox 1094 903 1290 950; x_wconf 67' lang='lat' dir='ltr'><strong>srnc.</strong></span> <span class='ocrx_word' id='word_1_33' title='bbox 1327 882 1613 949; x_wconf 87' lang='lat' dir='ltr'><strong>Fecero:</strong></span> <span class='ocrx_word' id='word_1_34' title='bbox 1806 907 1813 916; x_wconf 67' lang='grc'><strong>“</strong></span> <span class='ocrx_word' id='word_1_35' title='bbox 2736 902 2789 943; x_wconf 80' lang='lat'><strong>³⁵</strong></span> 
     </span>
    </p>

    <p class='ocr_par' dir='ltr' id='par_1_4' title="bbox 611 980 2791 1193">
     <span class='ocr_line' id='line_1_6' title="bbox 611 980 2791 1086; baseline -0.001 -24"><span class='ocrx_word' id='word_1_36' title='bbox 611 980 1062 1086; x_wconf 66' lang='lat' dir='ltr'><strong>⁴Quamquam</strong></span> <span class='ocrx_word' id='word_1_37' title='bbox 1103 989 1286 1058; x_wconf 89' lang='lat' dir='ltr'><strong>haud</strong></span> <span class='ocrx_word' id='word_1_38' title='bbox 1330 991 1543 1059; x_wconf 88' lang='lat' dir='ltr'><strong>otium</strong></span> <span class='ocrx_word' id='word_1_39' title='bbox 1569 988 1670 1059; x_wconf 85' lang='lat' dir='ltr'><strong>’st.</strong></span> <span class='ocrx_word' id='word_1_40' title='bbox 1738 1013 1991 1061; x_wconf 68' lang='lat' dir='ltr'><strong>marn.</strong></span> <span class='ocrx_word' id='word_1_41' title='bbox 2044 988 2282 1059; x_wconf 85' lang='lat' dir='ltr'><strong>Salvos</strong></span> <span class='ocrx_word' id='word_1_42' title='bbox 2340 990 2467 1077; x_wconf 75' lang='lat' dir='ltr'><strong>sie,</strong></span> <span class='ocrx_word' id='word_1_43' title='bbox 2538 995 2791 1086; x_wconf 86' lang='lat' dir='ltr'><strong>Synce-</strong></span> 
     </span>
     <span class='ocr_line' id='line_1_7' title="bbox 923 1098 1842 1193; baseline 0.002 -26"><span class='ocrx_word' id='word_1_44' title='bbox 923 1113 1117 1168; x_wconf 87' lang='lat' dir='ltr'><strong>raste.</strong></span> <span class='ocrx_word' id='word_1_45' title='bbox 1159 1122 1358 1169; x_wconf 75' lang='lat' dir='ltr'><strong>snm.</strong></span> <span class='ocrx_word' id='word_1_46' title='bbox 1407 1102 1472 1169; x_wconf 92' lang='grc' dir='ltr'><strong>Ο</strong></span> <span class='ocrx_word' id='word_1_47' title='bbox 1509 1098 1842 1193; x_wconf 87' lang='lat' dir='ltr'><strong>Milphio,</strong></span> 
     </span>
    </p>

    <p class='ocr_par' dir='ltr' id='par_1_5' title="bbox 632 1206 2794 1414">
     <span class='ocr_line' id='line_1_8' title="bbox 632 1206 2794 1301; baseline 0.001 -20"><span class='ocrx_word' id='word_1_48' title='bbox 632 1210 1020 1281; x_wconf 87' lang='lat' dir='ltr'><strong>Di··omneis</strong></span> <span class='ocrx_word' id='word_1_49' title='bbox 1046 1208 1316 1301; x_wconf 80' lang='lat' dir='ltr'><strong>deaeque</strong></span> <span class='ocrx_word' id='word_1_50' title='bbox 1355 1222 1587 1277; x_wconf 81' lang='lat' dir='ltr'><strong>ament</strong></span> <span class='ocrx_word' id='word_1_51' title='bbox 1623 1206 1638 1277; x_wconf 73' lang='grc' dir='ltr'><strong>Ξ</strong></span> <span class='ocrx_word' id='word_1_52' title='bbox 1684 1234 1937 1279; x_wconf 73' lang='lat' dir='ltr'><strong>MILPH.</strong></span> <span class='ocrx_word' id='word_1_53' title='bbox 1966 1212 2353 1299; x_wconf 84' lang='lat' dir='ltr'><strong>Quemnam</strong></span> <span class='ocrx_word' id='word_1_54' title='bbox 2390 1212 2794 1284; x_wconf 78' lang='lat' dir='ltr'><strong>hominem?</strong></span> 
     </span>
     <span class='ocr_line' id='line_1_9' title="bbox 927 1319 2185 1414; baseline 0.001 -25"><span class='ocrx_word' id='word_1_55' title='bbox 927 1342 1123 1389; x_wconf 74' lang='lat' dir='ltr'><strong>snm.</strong></span> <span class='ocrx_word' id='word_1_56' title='bbox 1168 1320 1314 1388; x_wconf 87' lang='lat' dir='ltr'><strong>Nec</strong></span> <span class='ocrx_word' id='word_1_57' title='bbox 1359 1332 1456 1405; x_wconf 89' lang='lat' dir='ltr'><strong>te,</strong></span> <span class='ocrx_word' id='word_1_58' title='bbox 1497 1343 1625 1386; x_wconf 88' lang='lat' dir='ltr'><strong>nec</strong></span> <span class='ocrx_word' id='word_1_59' title='bbox 1662 1344 1807 1406; x_wconf 89' lang='lat' dir='ltr'><strong>me,</strong></span> <span class='ocrx_word' id='word_1_60' title='bbox 1850 1319 2185 1414; x_wconf 82' lang='lat' dir='ltr'>Milphio:</span> 
     </span>
    </p>

    <p class='ocr_par' dir='ltr' id='par_1_6' title="bbox 633 1428 2795 1632">
     <span class='ocr_line' id='line_1_10' title="bbox 633 1428 2795 1527; baseline -0.001 -22"><span class='ocrx_word' id='word_1_61' title='bbox 633 1435 871 1527; x_wconf 81' lang='lat' dir='ltr'>Neque</span> <span class='ocrx_word' id='word_1_62' title='bbox 907 1431 1144 1499; x_wconf 88' lang='lat' dir='ltr'><strong>herum</strong></span> <span class='ocrx_word' id='word_1_63' title='bbox 1193 1452 1417 1497; x_wconf 88' lang='lat' dir='ltr'><strong>meum</strong></span> <span class='ocrx_word' id='word_1_64' title='bbox 1456 1428 1646 1497; x_wconf 89' lang='lat' dir='ltr'><strong>adeo.</strong></span> <span class='ocrx_word' id='word_1_65' title='bbox 1703 1454 1955 1500; x_wconf 76' lang='grc' dir='ltr'><strong>ΜιιΡΗ.</strong></span> <span class='ocrx_word' id='word_1_66' title='bbox 2015 1433 2237 1520; x_wconf 85' lang='lat' dir='ltr'><strong>Quem</strong></span> <span class='ocrx_word' id='word_1_67' title='bbox 2278 1446 2509 1501; x_wconf 85' lang='lat' dir='ltr'><strong>ament</strong></span> <span class='ocrx_word' id='word_1_68' title='bbox 2546 1433 2795 1525; x_wconf 80' lang='lat' dir='ltr'><strong>igitur?</strong></span> 
     </span>
     <span class='ocr_line' id='line_1_11' title="bbox 929 1536 1845 1632; baseline -0.002 -23"><span class='ocrx_word' id='word_1_69' title='bbox 929 1563 1127 1610; x_wconf 73' lang='lat' dir='ltr'><strong>snm.</strong></span> <span class='ocrx_word' id='word_1_70' title='bbox 1177 1536 1406 1608; x_wconf 89' lang='lat' dir='ltr'><strong>Alium</strong></span> <span class='ocrx_word' id='word_1_71' title='bbox 1451 1536 1845 1632; x_wconf 87' lang='lat' dir='ltr'><strong>quemlibet.</strong></span> 
     </span>
    </p>

    <p class='ocr_par' dir='ltr' id='par_1_7' title="bbox 611 1648 2791 1827">
     <span class='ocr_line' id='line_1_12' title="bbox 611 1648 2791 1745; baseline -0.001 -22"><span class='ocrx_word' id='word_1_72' title='bbox 611 1653 812 1723; x_wconf 74' lang='lat' dir='ltr'><strong>&#39;Nam</strong></span> <span class='ocrx_word' id='word_1_73' title='bbox 841 1664 1227 1719; x_wconf 88' lang='lat' dir='ltr'><strong>nostrorum</strong></span> <span class='ocrx_word' id='word_1_74' title='bbox 1271 1672 1470 1715; x_wconf 89' lang='lat' dir='ltr'><strong>nemo</strong></span> <span class='ocrx_word' id='word_1_75' title='bbox 1497 1648 1744 1743; x_wconf 86' lang='lat' dir='ltr'><strong>dignus</strong></span> <span class='ocrx_word' id='word_1_76' title='bbox 1774 1664 1893 1718; x_wconf 90' lang='lat' dir='ltr'><strong>est.</strong></span> <span class='ocrx_word' id='word_1_77' title='bbox 1929 1673 2185 1719; x_wconf 75' lang='lat' dir='ltr'><strong>MILPH.</strong></span> <span class='ocrx_word' id='word_1_78' title='bbox 2210 1651 2465 1745; x_wconf 89' lang='lat' dir='ltr'><strong>Lepide</strong></span> <span class='ocrx_word' id='word_1_79' title='bbox 2495 1649 2791 1745; x_wconf 88' lang='lat' dir='ltr'><strong>loquere.</strong></span> 
     </span>
     <span class='ocr_line' id='line_1_13' title="bbox 931 1755 2687 1827; baseline -0.001 0"><span class='ocrx_word' id='word_1_80' title='bbox 931 1780 1131 1827; x_wconf 75' lang='lat' dir='ltr'><strong>snm.</strong></span> <span class='ocrx_word' id='word_1_81' title='bbox 1178 1755 1544 1825; x_wconf 83' lang='lat' dir='ltr'><strong>Medecet.</strong></span> <span class='ocrx_word' id='word_1_82' title='bbox 2682 1760 2687 1765; x_wconf 83' lang='lat'>&#39;</span> 
     </span>
    </p>

    <p class='ocr_par' dir='ltr' id='par_1_8' title="bbox 639 1866 2797 2055">
     <span class='ocr_line' id='line_1_14' title="bbox 639 1866 2795 1963; baseline 0.001 -24"><span class='ocrx_word' id='word_1_83' title='bbox 639 1893 892 1939; x_wconf 66' lang='lat' dir='ltr'><strong>mum.</strong></span> <span class='ocrx_word' id='word_1_84' title='bbox 949 1866 1133 1957; x_wconf 91' lang='lat' dir='ltr'><strong>Quid</strong></span> <span class='ocrx_word' id='word_1_85' title='bbox 1179 1866 1371 1961; x_wconf 83' lang='lat' dir='ltr'><strong>agis?</strong></span> <span class='ocrx_word' id='word_1_86' title='bbox 1427 1891 1629 1939; x_wconf 69' lang='lat' dir='ltr'><strong>eme.</strong></span> <span class='ocrx_word' id='word_1_87' title='bbox 1693 1869 1895 1939; x_wconf 85' lang='lat' dir='ltr'><strong>Facio</strong></span> <span class='ocrx_word' id='word_1_88' title='bbox 1938 1868 2121 1963; x_wconf 91' lang='lat' dir='ltr'><strong>quod</strong></span> <span class='ocrx_word' id='word_1_89' title='bbox 2156 1869 2510 1939; x_wconf 85' lang='lat' dir='ltr'><strong>manifesto</strong></span> <span class='ocrx_word' id='word_1_90' title='bbox 2544 1873 2795 1941; x_wconf 86' lang='lat' dir='ltr'><strong>moechi</strong></span> 
     </span>
     <span class='ocr_line' id='line_1_15' title="bbox 933 1976 2797 2055; baseline 0 -8"><span class='ocrx_word' id='word_1_91' title='bbox 933 1976 1115 2047; x_wconf 86' lang='lat' dir='ltr'><strong>haud</strong></span> <span class='ocrx_word' id='word_1_92' title='bbox 1158 1976 1368 2046; x_wconf 90' lang='lat' dir='ltr'><strong>ferme</strong></span> <span class='ocrx_word' id='word_1_93' title='bbox 1406 1976 1643 2047; x_wconf 84' lang='lat' dir='ltr'><strong>solent.</strong></span> <span class='ocrx_word' id='word_1_94' title='bbox 2744 2011 2797 2055; x_wconf 62' lang='grc' dir='ltr'><strong>ιο</strong></span> 
     </span>
    </p>
   </div>
   <div class='ocr_carea' id='block_1_3' title="bbox 641 2086 2795 2291">
    <p class='ocr_par' dir='ltr' id='par_1_9' title="bbox 641 2086 2795 2291">
     <span class='ocr_line' id='line_1_16' title="bbox 641 2086 2795 2175; baseline 0.001 -16"><span class='ocrx_word' id='word_1_95' title='bbox 641 2112 896 2159; x_wconf 78' lang='lat' dir='ltr'><strong>mLPn.</strong></span> <span class='ocrx_word' id='word_1_96' title='bbox 945 2086 1132 2175; x_wconf 89' lang='lat' dir='ltr'><strong>Quid</strong></span> <span class='ocrx_word' id='word_1_97' title='bbox 1165 2086 1234 2154; x_wconf 91' lang='lat' dir='ltr'><strong>id</strong></span> <span class='ocrx_word' id='word_1_98' title='bbox 1271 2089 1418 2156; x_wconf 82' lang='lat' dir='ltr'><strong>est?</strong></span> <span class='ocrx_word' id='word_1_99' title='bbox 1453 2112 1655 2159; x_wconf 73' lang='lat' dir='ltr'><strong>suto.</strong></span> <span class='ocrx_word' id='word_1_100' title='bbox 1694 2087 1941 2158; x_wconf 86' lang='lat' dir='ltr'><strong>Refero</strong></span> <span class='ocrx_word' id='word_1_101' title='bbox 1980 2114 2134 2159; x_wconf 86' lang='lat' dir='ltr'><strong>vasa</strong></span> <span class='ocrx_word' id='word_1_102' title='bbox 2173 2090 2373 2160; x_wconf 83' lang='lat' dir='ltr'><strong>salva.</strong></span> <span class='ocrx_word' id='word_1_103' title='bbox 2412 2114 2668 2164; x_wconf 72' lang='lat' dir='ltr'><strong>MILPH.</strong></span> <span class='ocrx_word' id='word_1_104' title='bbox 2704 2095 2795 2163; x_wconf 93' lang='lat' dir='ltr'><strong>Di</strong></span> 
     </span>
     <span class='ocr_line' id='line_1_17' title="bbox 935 2198 1985 2291; baseline 0.002 -26"><span class='ocrx_word' id='word_1_105' title='bbox 935 2212 1002 2265; x_wconf 93' lang='lat' dir='ltr'><strong>te</strong></span> <span class='ocrx_word' id='word_1_106' title='bbox 1037 2211 1104 2265; x_wconf 92' lang='lat' dir='ltr'><strong>et</strong></span> <span class='ocrx_word' id='word_1_107' title='bbox 1141 2212 1330 2265; x_wconf 89' lang='lat' dir='ltr'><strong>tuum</strong></span> <span class='ocrx_word' id='word_1_108' title='bbox 1371 2198 1613 2266; x_wconf 90' lang='lat' dir='ltr'><strong>herum</strong></span> <span class='ocrx_word' id='word_1_109' title='bbox 1650 2198 1985 2291; x_wconf 85' lang='lat' dir='ltr'><strong>perduint.</strong></span> 
     </span>
    </p>
   </div>
   <div class='ocr_carea' id='block_1_4' title="bbox 603 2410 1689 4234">
    <p class='ocr_par' dir='ltr' id='par_1_10' title="bbox 603 2410 1683 3104">
     <span class='ocr_line' id='line_1_18' title="bbox 640 2410 1675 2483; baseline -0.004 -16"><span class='ocrx_word' id='word_1_110' title='bbox 640 2432 730 2467; x_wconf 88' lang='lat' dir='ltr'><strong>me</strong></span> <span class='ocrx_word' id='word_1_111' title='bbox 760 2425 969 2483; x_wconf 77' lang='lat' dir='ltr'><strong>tergum</strong></span> <span class='ocrx_word' id='word_1_112' title='bbox 1003 2428 1291 2483; x_wconf 87' lang='lat' dir='ltr'><strong>supponas.</strong></span> <span class='ocrx_word' id='word_1_113' title='bbox 1336 2412 1419 2463; x_wconf 88' lang='lat' dir='ltr'><strong>Ita</strong></span> <span class='ocrx_word' id='word_1_114' title='bbox 1453 2410 1675 2464; x_wconf 85' lang='lat' dir='ltr'><strong>Lambi-</strong></span> 
     </span>
     <span class='ocr_line' id='line_1_19' title="bbox 647 2490 1676 2562; baseline -0.003 -16"><span class='ocrx_word' id='word_1_115' title='bbox 647 2512 781 2558; x_wconf 79' lang='lat' dir='ltr'><strong>nus,</strong></span> <span class='ocrx_word' id='word_1_116' title='bbox 807 2504 861 2546; x_wconf 89' lang='lat' dir='ltr'><strong>et</strong></span> <span class='ocrx_word' id='word_1_117' title='bbox 885 2510 1008 2545; x_wconf 89' lang='lat' dir='ltr'><strong>eum</strong></span> <span class='ocrx_word' id='word_1_118' title='bbox 1033 2490 1245 2562; x_wconf 83' lang='lat' dir='ltr'><strong>sequuti</strong></span> <span class='ocrx_word' id='word_1_119' title='bbox 1283 2490 1406 2555; x_wconf 88' lang='lat' dir='ltr'><strong>alii,</strong></span> <span class='ocrx_word' id='word_1_120' title='bbox 1437 2490 1531 2543; x_wconf 87' lang='lat' dir='ltr'><strong>sed</strong></span> <span class='ocrx_word' id='word_1_121' title='bbox 1557 2510 1676 2562; x_wconf 90' lang='lat' dir='ltr'><strong>pes-</strong></span> 
     </span>
     <span class='ocr_line' id='line_1_20' title="bbox 603 2570 1678 2646; baseline -0.005 -18"><span class='ocrx_word' id='word_1_122' title='bbox 603 2629 612 2637; x_wconf 69' lang='lat'><em>,</em></span> <span class='ocrx_word' id='word_1_123' title='bbox 648 2574 815 2635; x_wconf 80' lang='lat' dir='ltr'><strong>sime,</strong></span> <span class='ocrx_word' id='word_1_124' title='bbox 864 2573 1302 2646; x_wconf 76' lang='lat' dir='ltr'><strong>interpretantur.</strong></span> <span class='ocrx_word' id='word_1_125' title='bbox 1345 2570 1540 2623; x_wconf 84' lang='lat' dir='ltr'><strong>Corius</strong></span> <span class='ocrx_word' id='word_1_126' title='bbox 1589 2570 1678 2624; x_wconf 84' lang='lat' dir='ltr'><strong>hic</strong></span> 
     </span>
     <span class='ocr_line' id='line_1_21' title="bbox 649 2650 1678 2723; baseline -0.006 -16"><span class='ocrx_word' id='word_1_127' title='bbox 649 2652 912 2723; x_wconf 76' lang='lat' dir='ltr'><strong>significat</strong></span> <span class='ocrx_word' id='word_1_128' title='bbox 923 2650 1191 2722; x_wconf 82' lang='lat' dir='ltr'><strong>flagellum</strong></span> <span class='ocrx_word' id='word_1_129' title='bbox 1216 2667 1280 2702; x_wconf 78' lang='lat' dir='ltr'><strong>ex</strong></span> <span class='ocrx_word' id='word_1_130' title='bbox 1297 2650 1448 2702; x_wconf 84' lang='lat' dir='ltr'><strong>corio</strong></span> <span class='ocrx_word' id='word_1_131' title='bbox 1467 2650 1678 2702; x_wconf 89' lang='lat' dir='ltr'><strong>bubulo</strong></span> 
     </span>
     <span class='ocr_line' id='line_1_22' title="bbox 651 2730 1672 2800; baseline -0.003 -15"><span class='ocrx_word' id='word_1_132' title='bbox 651 2732 977 2785; x_wconf 81' lang='lat' dir='ltr'><strong>consectum.</strong></span> <span class='ocrx_word' id='word_1_133' title='bbox 1028 2731 1112 2782; x_wconf 77' lang='lat' dir='ltr'><strong>Itu</strong></span> <span class='ocrx_word' id='word_1_134' title='bbox 1162 2747 1354 2800; x_wconf 84' lang='lat' dir='ltr'><strong>snpra,</strong></span> <span class='ocrx_word' id='word_1_135' title='bbox 1403 2742 1504 2781; x_wconf 80' lang='lat' dir='ltr'><strong>act.</strong></span> <span class='ocrx_word' id='word_1_136' title='bbox 1550 2730 1635 2781; x_wconf 91' lang='lat'><strong>111</strong></span> <span class='ocrx_word' id='word_1_137' title='bbox 1660 2751 1672 2782; x_wconf 78' lang='grc' dir='ltr'>ε</span> 
     </span>
     <span class='ocr_line' id='line_1_23' title="bbox 657 2808 1680 2865; baseline 0 -4"><span class='ocrx_word' id='word_1_138' title='bbox 657 2838 682 2861; x_wconf 74' lang='grc' dir='ltr'>ι</span> <span class='ocrx_word' id='word_1_139' title='bbox 699 2814 835 2865; x_wconf 83' lang='lat' dir='ltr'><strong>Tres</strong></span> <span class='ocrx_word' id='word_1_140' title='bbox 863 2810 1018 2864; x_wconf 84' lang='lat' dir='ltr'><strong>facile</strong></span> <span class='ocrx_word' id='word_1_141' title='bbox 1043 2810 1220 2862; x_wconf 84' lang='lat' dir='ltr'><strong>corios</strong></span> <span class='ocrx_word' id='word_1_142' title='bbox 1251 2808 1555 2861; x_wconf 82' lang='lat' dir='ltr'><strong>contrivisti</strong></span> <span class='ocrx_word' id='word_1_143' title='bbox 1576 2810 1680 2861; x_wconf 86' lang='lat' dir='ltr'><strong>bu-</strong></span> 
     </span>
     <span class='ocr_line' id='line_1_24' title="bbox 648 2888 1683 2946; baseline -0.005 0"><span class='ocrx_word' id='word_1_144' title='bbox 648 2892 869 2946; x_wconf 70' lang='lat' dir='ltr'><strong>balos..</strong></span> <span class='ocrx_word' id='word_1_145' title='bbox 898 2888 1041 2943; x_wconf 79' lang='lat' dir='ltr'><strong>Alibi</strong></span> <span class='ocrx_word' id='word_1_146' title='bbox 1067 2910 1079 2940; x_wconf 67' lang='grc' dir='ltr'><strong>ι</strong></span> <span class='ocrx_word' id='word_1_147' title='bbox 1113 2915 1134 2936; x_wconf 79' lang='grc' dir='ltr'>ι</span> <span class='ocrx_word' id='word_1_148' title='bbox 1157 2889 1278 2941; x_wconf 85' lang='lat' dir='ltr'><strong>Jam</strong></span> <span class='ocrx_word' id='word_1_149' title='bbox 1310 2888 1412 2940; x_wconf 88' lang='lat' dir='ltr'><strong>tibi</strong></span> <span class='ocrx_word' id='word_1_150' title='bbox 1442 2889 1554 2941; x_wconf 86' lang='lat' dir='ltr'><strong>tuis</strong></span> <span class='ocrx_word' id='word_1_151' title='bbox 1572 2908 1683 2941; x_wconf 87' lang='lat' dir='ltr'><strong>me·</strong></span> 
     </span>
     <span class='ocr_line' id='line_1_25' title="bbox 653 2966 1680 3025; baseline -0.003 0"><span class='ocrx_word' id='word_1_152' title='bbox 653 2971 772 3025; x_wconf 82' lang='lat' dir='ltr'><strong>ritis</strong></span> <span class='ocrx_word' id='word_1_153' title='bbox 800 2988 1002 3023; x_wconf 76' lang='lat' dir='ltr'><strong>crassus</strong></span> <span class='ocrx_word' id='word_1_154' title='bbox 1046 2969 1223 3021; x_wconf 80' lang='lat' dir='ltr'><strong>corius</strong></span> <span class='ocrx_word' id='word_1_155' title='bbox 1250 2966 1496 3020; x_wconf 85' lang='lat' dir='ltr'><strong>redditus</strong></span> <span class='ocrx_word' id='word_1_156' title='bbox 1524 2981 1601 3021; x_wconf 87' lang='lat' dir='ltr'><strong>est</strong></span> <span class='ocrx_word' id='word_1_157' title='bbox 1630 2994 1680 3022; x_wconf 75' lang='grc' dir='ltr'><strong>ι.</strong></span> 
     </span>
     <span class='ocr_line' id='line_1_26' title="bbox 649 3046 1472 3104; baseline -0.005 0"><span class='ocrx_word' id='word_1_158' title='bbox 649 3048 1183 3104; x_wconf 71' lang='lat' dir='ltr'><strong>Boxnou.--Docti</strong></span> <span class='ocrx_word' id='word_1_159' title='bbox 1205 3046 1472 3101; x_wconf 27' lang='lat' dir='ltr'><strong>viderint..</strong></span> 
     </span>
    </p>

    <p class='ocr_par' dir='ltr' id='par_1_11' title="bbox 651 3128 1689 3994">
     <span class='ocr_line' id='line_1_27' title="bbox 737 3128 1679 3196; baseline -0.004 -13"><span class='ocrx_word' id='word_1_160' title='bbox 737 3132 831 3193; x_wconf 71' lang='grc'><strong>34.</strong></span> <span class='ocrx_word' id='word_1_161' title='bbox 863 3130 936 3180; x_wconf 82' lang='lat' dir='ltr'><strong>Te</strong></span> <span class='ocrx_word' id='word_1_162' title='bbox 963 3128 1098 3179; x_wconf 73' lang='lat' dir='ltr'><strong>volo.</strong></span> <span class='ocrx_word' id='word_1_163' title='bbox 1120 3129 1191 3179; x_wconf 81' lang='lat' dir='ltr'><strong>Et</strong></span> <span class='ocrx_word' id='word_1_164' title='bbox 1219 3128 1310 3180; x_wconf 90' lang='lat' dir='ltr'><strong>hie</strong></span> <span class='ocrx_word' id='word_1_165' title='bbox 1333 3129 1484 3196; x_wconf 88' lang='lat' dir='ltr'><strong>jocus</strong></span> <span class='ocrx_word' id='word_1_166' title='bbox 1511 3139 1591 3179; x_wconf 86' lang='lat' dir='ltr'><strong>est</strong></span> <span class='ocrx_word' id='word_1_167' title='bbox 1614 3144 1679 3179; x_wconf 83' lang='lat' dir='ltr'><strong>ex</strong></span> 
     </span>
     <span class='ocr_line' id='line_1_28' title="bbox 651 3206 1684 3281; baseline -0.005 -18"><span class='ocrx_word' id='word_1_168' title='bbox 651 3208 996 3281; x_wconf 73' lang='lat' dir='ltr'><strong>ambiguitate</strong></span> <span class='ocrx_word' id='word_1_169' title='bbox 1013 3245 1028 3270; x_wconf 76' lang='grc'><strong>,</strong></span> <span class='ocrx_word' id='word_1_170' title='bbox 1073 3226 1180 3277; x_wconf 78' lang='lat' dir='ltr'><strong>qua</strong></span> <span class='ocrx_word' id='word_1_171' title='bbox 1201 3225 1346 3277; x_wconf 73' lang='lat' dir='ltr'><strong>saepe</strong></span> <span class='ocrx_word' id='word_1_172' title='bbox 1369 3206 1506 3259; x_wconf 87' lang='lat' dir='ltr'><strong>ludit</strong></span> <span class='ocrx_word' id='word_1_173' title='bbox 1526 3207 1684 3259; x_wconf 86' lang='lat' dir='ltr'><strong>Plan-</strong></span> 
     </span>
     <span class='ocr_line' id='line_1_29' title="bbox 653 3285 1685 3354; baseline -0.004 -12"><span class='ocrx_word' id='word_1_174' title='bbox 653 3302 757 3343; x_wconf 83' lang='lat' dir='ltr'><strong>tus.</strong></span> <span class='ocrx_word' id='word_1_175' title='bbox 819 3290 946 3354; x_wconf 52' lang='lat' dir='ltr'><strong>Haec</strong></span> <span class='ocrx_word' id='word_1_176' title='bbox 976 3288 1120 3339; x_wconf 85' lang='lat' dir='ltr'><strong>enim</strong></span> <span class='ocrx_word' id='word_1_177' title='bbox 1164 3288 1326 3341; x_wconf 80' lang='lat' dir='ltr'><strong>verba</strong></span> <span class='ocrx_word' id='word_1_178' title='bbox 1373 3285 1442 3338; x_wconf 83' lang='lat' dir='ltr'><strong>ad</strong></span> <span class='ocrx_word' id='word_1_179' title='bbox 1461 3318 1468 3323; x_wconf 83' lang='lat'><strong>·</strong></span> <span class='ocrx_word' id='word_1_180' title='bbox 1489 3304 1685 3354; x_wconf 64' lang='lat' dir='ltr'><strong>prace-</strong></span> 
     </span>
     <span class='ocr_line' id='line_1_30' title="bbox 655 3356 1684 3437; baseline -0.005 -16"><span class='ocrx_word' id='word_1_181' title='bbox 655 3369 835 3422; x_wconf 87' lang='lat' dir='ltr'><strong>dentia</strong></span> <span class='ocrx_word' id='word_1_182' title='bbox 860 3367 1022 3419; x_wconf 84' lang='lat' dir='ltr'><strong>relata</strong></span> <span class='ocrx_word' id='word_1_183' title='bbox 1039 3406 1054 3431; x_wconf 91' lang='lat'>,</span> <span class='ocrx_word' id='word_1_184' title='bbox 1083 3356 1419 3437; x_wconf 69' lang='lat' dir='ltr'><strong>significant:</strong></span> <span class='ocrx_word' id='word_1_185' title='bbox 1450 3366 1530 3417; x_wconf 88' lang='lat' dir='ltr'><strong>Te</strong></span> <span class='ocrx_word' id='word_1_186' title='bbox 1558 3365 1684 3417; x_wconf 86' lang='lat' dir='ltr'><strong>volo</strong></span> 
     </span>
     <span class='ocr_line' id='line_1_31' title="bbox 651 3446 1684 3517; baseline -0.004 -16"><span class='ocrx_word' id='word_1_187' title='bbox 651 3448 751 3502; x_wconf 81' lang='lat' dir='ltr'><strong>tibi</strong></span> <span class='ocrx_word' id='word_1_188' title='bbox 771 3448 970 3499; x_wconf 88' lang='lat' dir='ltr'><strong>malum</strong></span> <span class='ocrx_word' id='word_1_189' title='bbox 989 3446 1228 3511; x_wconf 83' lang='lat' dir='ltr'><strong>esse,tibi</strong></span> <span class='ocrx_word' id='word_1_190' title='bbox 1245 3446 1422 3517; x_wconf 84' lang='lat' dir='ltr'><strong>ipsum</strong></span> <span class='ocrx_word' id='word_1_191' title='bbox 1439 3447 1684 3515; x_wconf 86' lang='lat' dir='ltr'><strong>jumento</strong></span> 
     </span>
     <span class='ocr_line' id='line_1_32' title="bbox 653 3523 1688 3596; baseline -0.004 -15"><span class='ocrx_word' id='word_1_192' title='bbox 653 3540 752 3582; x_wconf 85' lang='lat' dir='ltr'><strong>tuo</strong></span> <span class='ocrx_word' id='word_1_193' title='bbox 785 3542 1046 3580; x_wconf 70' lang='lat' dir='ltr'><strong>arcessere</strong></span> <span class='ocrx_word' id='word_1_194' title='bbox 1085 3523 1448 3596; x_wconf 56' lang='lat' dir='ltr'><strong>supplicium}</strong></span> <span class='ocrx_word' id='word_1_195' title='bbox 1495 3537 1583 3589; x_wconf 86' lang='lat' dir='ltr'><strong>et,</strong></span> <span class='ocrx_word' id='word_1_196' title='bbox 1624 3536 1688 3577; x_wconf 84' lang='lat' dir='ltr'><strong>ut</strong></span> 
     </span>
     <span class='ocr_line' id='line_1_33' title="bbox 659 3604 1687 3675; baseline -0.005 -15"><span class='ocrx_word' id='word_1_197' title='bbox 659 3608 855 3669; x_wconf 83' lang='lat' dir='ltr'><strong>solent,</strong></span> <span class='ocrx_word' id='word_1_198' title='bbox 883 3618 1050 3675; x_wconf 86' lang='lat' dir='ltr'><strong>utque</strong></span> <span class='ocrx_word' id='word_1_199' title='bbox 1079 3606 1270 3674; x_wconf 86' lang='lat' dir='ltr'><strong>accipit</strong></span> <span class='ocrx_word' id='word_1_200' title='bbox 1303 3623 1486 3657; x_wconf 83' lang='lat' dir='ltr'><strong>servus</strong></span> <span class='ocrx_word' id='word_1_201' title='bbox 1523 3604 1687 3670; x_wconf 77' lang='lat' dir='ltr'><strong>alter3</strong></span> 
     </span>
     <span class='ocr_line' id='line_1_34' title="bbox 659 3683 1689 3740; baseline -0.004 -1"><span class='ocrx_word' id='word_1_202' title='bbox 659 3700 714 3739; x_wconf 85' lang='lat' dir='ltr'><strong>te</strong></span> <span class='ocrx_word' id='word_1_203' title='bbox 746 3686 871 3738; x_wconf 74' lang='lat' dir='ltr'><strong>volo</strong></span> <span class='ocrx_word' id='word_1_204' title='bbox 904 3697 1250 3740; x_wconf 83' lang='lat' dir='ltr'><strong>conventum.</strong></span> <span class='ocrx_word' id='word_1_205' title='bbox 1275 3684 1458 3737; x_wconf 65' lang='lat' dir='ltr'><strong>Giton.</strong></span> <span class='ocrx_word' id='word_1_206' title='bbox 1483 3683 1689 3736; x_wconf 87' lang='lat' dir='ltr'><strong>—Ne·</strong></span> 
     </span>
     <span class='ocr_line' id='line_1_35' title="bbox 660 3762 1688 3834; baseline -0.002 -17"><span class='ocrx_word' id='word_1_207' title='bbox 660 3767 770 3817; x_wconf 87' lang='lat' dir='ltr'><strong>scio</strong></span> <span class='ocrx_word' id='word_1_208' title='bbox 800 3782 868 3817; x_wconf 86' lang='lat' dir='ltr'><strong>an</strong></span> <span class='ocrx_word' id='word_1_209' title='bbox 887 3763 1120 3817; x_wconf 83' lang='lat' dir='ltr'><strong>nimium</strong></span> <span class='ocrx_word' id='word_1_210' title='bbox 1146 3762 1497 3834; x_wconf 76' lang='lat' dir='ltr'><strong>intelligendo</strong></span> <span class='ocrx_word' id='word_1_211' title='bbox 1527 3764 1688 3815; x_wconf 78' lang='lat' dir='ltr'><strong>faeiat</strong></span> 
     </span>
     <span class='ocr_line' id='line_1_36' title="bbox 657 3842 1689 3914; baseline -0.002 -17"><span class='ocrx_word' id='word_1_212' title='bbox 657 3844 852 3897; x_wconf 83' lang='lat' dir='ltr'><strong>doctus</strong></span> <span class='ocrx_word' id='word_1_213' title='bbox 865 3843 950 3894; x_wconf 82' lang='lat' dir='ltr'><strong>vir</strong></span> <span class='ocrx_word' id='word_1_214' title='bbox 965 3862 1034 3897; x_wconf 87' lang='lat' dir='ltr'><strong>ne</strong></span> <span class='ocrx_word' id='word_1_215' title='bbox 1054 3843 1333 3912; x_wconf 76' lang='lat' dir='ltr'><strong>intelligat,</strong></span> <span class='ocrx_word' id='word_1_216' title='bbox 1353 3842 1689 3914; x_wconf 76' lang='lat' dir='ltr'><strong>simplexque</strong></span> 
     </span>
     <span class='ocr_line' id='line_1_37' title="bbox 661 3922 1583 3994; baseline -0.004 -17"><span class='ocrx_word' id='word_1_217' title='bbox 661 3937 714 3978; x_wconf 90' lang='lat' dir='ltr'><strong>et</strong></span> <span class='ocrx_word' id='word_1_218' title='bbox 736 3924 894 3994; x_wconf 78' lang='lat' dir='ltr'><strong>plana</strong></span> <span class='ocrx_word' id='word_1_219' title='bbox 921 3922 988 3974; x_wconf 84' lang='lat' dir='ltr'><strong>sit</strong></span> <span class='ocrx_word' id='word_1_220' title='bbox 1018 3922 1277 3976; x_wconf 80' lang='lat' dir='ltr'><strong>orationis</strong></span> <span class='ocrx_word' id='word_1_221' title='bbox 1301 3922 1583 3975; x_wconf 84' lang='lat' dir='ltr'><strong>sententia.</strong></span> 
     </span>
    </p>

    <p class='ocr_par' dir='ltr' id='par_1_12' title="bbox 651 4002 1689 4234">
     <span class='ocr_line' id='line_1_38' title="bbox 747 4002 1688 4072; baseline -0.001 -16"><span class='ocrx_word' id='word_1_222' title='bbox 747 4004 836 4057; x_wconf 84' lang='lat'><strong>36.</strong></span> <span class='ocrx_word' id='word_1_223' title='bbox 894 4002 946 4054; x_wconf 89' lang='lat'><em>0</em></span> <span class='ocrx_word' id='word_1_224' title='bbox 1006 4002 1232 4072; x_wconf 70' lang='lat' dir='ltr'><strong>Milphio.</strong></span> <span class='ocrx_word' id='word_1_225' title='bbox 1279 4002 1489 4072; x_wconf 82' lang='lat' dir='ltr'><strong>Nempe</strong></span> <span class='ocrx_word' id='word_1_226' title='bbox 1527 4019 1688 4055; x_wconf 73' lang='lat' dir='ltr'><strong>versu</strong></span> 
     </span>
     <span class='ocr_line' id='line_1_39' title="bbox 661 4080 1689 4155; baseline 0 -20"><span class='ocrx_word' id='word_1_227' title='bbox 661 4081 984 4155; x_wconf 74' lang='lat' dir='ltr'><strong>praecedenti</strong></span> <span class='ocrx_word' id='word_1_228' title='bbox 1042 4080 1274 4152; x_wconf 85' lang='lat' dir='ltr'><strong>Milphio</strong></span> <span class='ocrx_word' id='word_1_229' title='bbox 1339 4100 1466 4134; x_wconf 88' lang='lat' dir='ltr'><strong>eum</strong></span> <span class='ocrx_word' id='word_1_230' title='bbox 1527 4083 1689 4152; x_wconf 82' lang='lat' dir='ltr'><strong>jussit</strong></span> 
     </span>
     <span class='ocr_line' id='line_1_40' title="bbox 651 4158 1685 4234; baseline -0.001 -18"><span class='ocrx_word' id='word_1_231' title='bbox 651 4162 922 4234; x_wconf 82' lang='lat' dir='ltr'><strong>respicere</strong></span> <span class='ocrx_word' id='word_1_232' title='bbox 949 4158 1018 4213; x_wconf 82' lang='lat' dir='ltr'><strong>ad</strong></span> <span class='ocrx_word' id='word_1_233' title='bbox 1047 4179 1124 4215; x_wconf 83' lang='lat' dir='ltr'><strong>se.</strong></span> <span class='ocrx_word' id='word_1_234' title='bbox 1159 4159 1326 4226; x_wconf 82' lang='lat' dir='ltr'><strong>Quod</strong></span> <span class='ocrx_word' id='word_1_235' title='bbox 1359 4174 1539 4215; x_wconf 90' lang='lat' dir='ltr'><strong>autem</strong></span> <span class='ocrx_word' id='word_1_236' title='bbox 1576 4176 1685 4216; x_wconf 80' lang='lat' dir='ltr'><strong>tam</strong></span> 
     </span>
    </p>
   </div>
   <div class='ocr_carea' id='block_1_5' title="bbox 1764 2411 2806 4225">
    <p class='ocr_par' dir='ltr' id='par_1_13' title="bbox 1764 2411 2806 2803">
     <span class='ocr_line' id='line_1_41' title="bbox 1764 2411 2800 2485; baseline 0.002 -18"><span class='ocrx_word' id='word_1_237' title='bbox 1764 2411 1936 2467; x_wconf 85' lang='lat' dir='ltr'><strong>multa</strong></span> <span class='ocrx_word' id='word_1_238' title='bbox 1976 2412 2119 2480; x_wconf 80' lang='lat' dir='ltr'><strong>inter</strong></span> <span class='ocrx_word' id='word_1_239' title='bbox 2152 2432 2209 2466; x_wconf 84' lang='lat' dir='ltr'><strong>se</strong></span> <span class='ocrx_word' id='word_1_240' title='bbox 2246 2413 2459 2485; x_wconf 80' lang='lat' dir='ltr'><strong>loquuti</strong></span> <span class='ocrx_word' id='word_1_241' title='bbox 2496 2415 2629 2479; x_wconf 88' lang='lat' dir='ltr'><strong>sint,</strong></span> <span class='ocrx_word' id='word_1_242' title='bbox 2654 2428 2800 2469; x_wconf 82' lang='lat' dir='ltr'><strong>ante-</strong></span> 
     </span>
     <span class='ocr_line' id='line_1_42' title="bbox 1766 2491 2799 2565; baseline 0.008 -23"><span class='ocrx_word' id='word_1_243' title='bbox 1766 2510 1927 2562; x_wconf 88' lang='lat' dir='ltr'><strong>quam</strong></span> <span class='ocrx_word' id='word_1_244' title='bbox 1948 2491 2017 2545; x_wconf 83' lang='lat' dir='ltr'><strong>ad</strong></span> <span class='ocrx_word' id='word_1_245' title='bbox 2036 2493 2429 2564; x_wconf 85' lang='lat' dir='ltr'><strong>colloquentem</strong></span> <span class='ocrx_word' id='word_1_246' title='bbox 2454 2495 2799 2565; x_wconf 83' lang='lat' dir='ltr'><strong>Syncerastus</strong></span> 
     </span>
     <span class='ocr_line' id='line_1_43' title="bbox 1768 2572 2799 2647; baseline 0.006 -24"><span class='ocrx_word' id='word_1_247' title='bbox 1768 2572 2097 2642; x_wconf 78' lang='lat' dir='ltr'><strong>respexerit,</strong></span> <span class='ocrx_word' id='word_1_248' title='bbox 2126 2572 2171 2625; x_wconf 85' lang='lat' dir='ltr'><strong>is</strong></span> <span class='ocrx_word' id='word_1_249' title='bbox 2197 2586 2275 2626; x_wconf 85' lang='lat' dir='ltr'><strong>est</strong></span> <span class='ocrx_word' id='word_1_250' title='bbox 2306 2574 2361 2627; x_wconf 88' lang='lat' dir='ltr'><strong>in</strong></span> <span class='ocrx_word' id='word_1_251' title='bbox 2394 2594 2552 2627; x_wconf 88' lang='lat' dir='ltr'><strong>scena</strong></span> <span class='ocrx_word' id='word_1_252' title='bbox 2577 2576 2799 2647; x_wconf 83' lang='lat' dir='ltr'><strong>antiqua</strong></span> 
     </span>
     <span class='ocr_line' id='line_1_44' title="bbox 1766 2650 2806 2720; baseline 0.004 -17"><span class='ocrx_word' id='word_1_253' title='bbox 1766 2650 1917 2704; x_wconf 83' lang='lat' dir='ltr'><strong>lusus</strong></span> <span class='ocrx_word' id='word_1_254' title='bbox 1941 2651 2088 2705; x_wconf 84' lang='lat' dir='ltr'><strong>haud</strong></span> <span class='ocrx_word' id='word_1_255' title='bbox 2105 2653 2359 2707; x_wconf 73' lang='lat' dir='ltr'><strong>insolens.</strong></span> <span class='ocrx_word' id='word_1_256' title='bbox 2374 2652 2505 2707; x_wconf 88' lang='lat' dir='ltr'><strong>Vid.</strong></span> <span class='ocrx_word' id='word_1_257' title='bbox 2524 2655 2678 2709; x_wconf 88' lang='lat' dir='ltr'><strong>Trin.</strong></span> <span class='ocrx_word' id='word_1_258' title='bbox 2696 2657 2806 2720; x_wconf 88' lang='lat' dir='ltr'>Iv,·</span> 
     </span>
     <span class='ocr_line' id='line_1_45' title="bbox 1773 2730 2584 2803; baseline 0.007 -21"><span class='ocrx_word' id='word_1_259' title='bbox 1773 2730 1827 2796; x_wconf 83' lang='lat'><strong>3,</strong></span> <span class='ocrx_word' id='word_1_260' title='bbox 1860 2731 1962 2795; x_wconf 73' lang='lat'><strong>523</strong></span> <span class='ocrx_word' id='word_1_261' title='bbox 1996 2732 2217 2785; x_wconf 88' lang='lat' dir='ltr'><strong>Trucul.</strong></span> <span class='ocrx_word' id='word_1_262' title='bbox 2242 2733 2288 2797; x_wconf 82' lang='grc' dir='ltr'><strong>Ι,</strong></span> <span class='ocrx_word' id='word_1_263' title='bbox 2315 2752 2371 2801; x_wconf 72' lang='lat' dir='ltr'><strong>a,</strong></span> <span class='ocrx_word' id='word_1_264' title='bbox 2396 2753 2484 2803; x_wconf 68' lang='lat'><strong>19:</strong></span> <span class='ocrx_word' id='word_1_265' title='bbox 2515 2736 2584 2788; x_wconf 88' lang='lat' dir='ltr'><strong>N.</strong></span> 
     </span>
    </p>

    <p class='ocr_par' dir='ltr' id='par_1_14' title="bbox 1772 2809 2801 3044">
     <span class='ocr_line' id='line_1_46' title="bbox 1854 2809 2763 2884; baseline 0.009 -23"><span class='ocrx_word' id='word_1_266' title='bbox 1854 2809 1947 2879; x_wconf 83' lang='grc'><strong>39.</strong></span> <span class='ocrx_word' id='word_1_267' title='bbox 1972 2811 2281 2865; x_wconf 75' lang='lat' dir='ltr'><strong>Nostrorum.</strong></span> <span class='ocrx_word' id='word_1_268' title='bbox 2306 2814 2437 2884; x_wconf 88' lang='lat' dir='ltr'><strong>Sup.</strong></span> <span class='ocrx_word' id='word_1_269' title='bbox 2456 2815 2565 2879; x_wconf 86' lang='grc' dir='ltr'><strong>ΙΙΙ,</strong></span> <span class='ocrx_word' id='word_1_270' title='bbox 2594 2834 2645 2879; x_wconf 80' lang='grc' dir='ltr'><strong>ι,</strong></span> <span class='ocrx_word' id='word_1_271' title='bbox 2668 2816 2763 2883; x_wconf 87' lang='lat'><strong>37.</strong></span> 
     </span>
     <span class='ocr_line' id='line_1_47' title="bbox 1777 2890 2799 2962; baseline 0.008 -21"><span class='ocrx_word' id='word_1_272' title='bbox 1777 2932 1785 2941; x_wconf 91' lang='lat'><strong>.</strong></span> <span class='ocrx_word' id='word_1_273' title='bbox 1854 2896 1945 2953; x_wconf 74' lang='grc'><strong>40.</strong></span> <span class='ocrx_word' id='word_1_274' title='bbox 1980 2890 2122 2959; x_wconf 79' lang='lat' dir='ltr'><strong>Quid</strong></span> <span class='ocrx_word' id='word_1_275' title='bbox 2137 2896 2289 2961; x_wconf 68' lang='lat' dir='ltr'><strong>agis?</strong></span> <span class='ocrx_word' id='word_1_276' title='bbox 2311 2892 2499 2947; x_wconf 70' lang='lat' dir='ltr'><strong>Aulul.</strong></span> <span class='ocrx_word' id='word_1_277' title='bbox 2523 2895 2579 2957; x_wconf 88' lang='lat'><strong>1,</strong></span> <span class='ocrx_word' id='word_1_278' title='bbox 2610 2914 2637 2947; x_wconf 80' lang='lat' dir='ltr'><strong>a</strong></span> <span class='ocrx_word' id='word_1_279' title='bbox 2658 2934 2675 2959; x_wconf 88' lang='lat'>‚</span> <span class='ocrx_word' id='word_1_280' title='bbox 2702 2894 2799 2962; x_wconf 81' lang='grc'><strong>39.</strong></span> 
     </span>
     <span class='ocr_line' id='line_1_48' title="bbox 1772 2969 2801 3044; baseline 0.011 -25"><span class='ocrx_word' id='word_1_281' title='bbox 1772 2969 2123 3036; x_wconf 62' lang='lat' dir='ltr'><strong>-Manq&#39;festo</strong></span> <span class='ocrx_word' id='word_1_282' title='bbox 2142 2973 2327 3035; x_wconf 76' lang='lat' dir='ltr'><strong>moeclu&#39;,</strong></span> <span class='ocrx_word' id='word_1_283' title='bbox 2342 2972 2381 3025; x_wconf 83' lang='lat' dir='ltr'><strong>i.</strong></span> <span class='ocrx_word' id='word_1_284' title='bbox 2398 2992 2446 3025; x_wconf 84' lang='lat' dir='ltr'><strong>e.</strong></span> <span class='ocrx_word' id='word_1_285' title='bbox 2460 2972 2801 3044; x_wconf 65' lang='lat' dir='ltr'><strong>deprehensi.</strong></span> 
     </span>
    </p>

    <p class='ocr_par' dir='ltr' id='par_1_15' title="bbox 1770 3050 2805 4225">
     <span class='ocr_line' id='line_1_49' title="bbox 1856 3050 2800 3112; baseline 0.008 -12"><span class='ocrx_word' id='word_1_286' title='bbox 1856 3055 1951 3112; x_wconf 72' lang='lat'><strong>41.</strong></span> <span class='ocrx_word' id='word_1_287' title='bbox 1982 3050 2135 3103; x_wconf 75' lang='lat' dir='ltr'><strong>Vasa.</strong></span> <span class='ocrx_word' id='word_1_288' title='bbox 2168 3051 2357 3105; x_wconf 83' lang='lat' dir='ltr'><strong>Facete</strong></span> <span class='ocrx_word' id='word_1_289' title='bbox 2380 3051 2521 3105; x_wconf 85' lang='lat' dir='ltr'><strong>ludit</strong></span> <span class='ocrx_word' id='word_1_290' title='bbox 2544 3054 2599 3105; x_wconf 90' lang='lat' dir='ltr'><strong>in</strong></span> <span class='ocrx_word' id='word_1_291' title='bbox 2628 3055 2800 3107; x_wconf 87' lang='lat' dir='ltr'><strong>ambi·</strong></span> 
     </span>
     <span class='ocr_line' id='line_1_50' title="bbox 1770 3130 2802 3198; baseline 0.01 -20"><span class='ocrx_word' id='word_1_292' title='bbox 1770 3146 1920 3198; x_wconf 81' lang='lat' dir='ltr'><strong>guo:</strong></span> <span class='ocrx_word' id='word_1_293' title='bbox 1958 3147 2083 3183; x_wconf 82' lang='lat' dir='ltr'><strong>nam</strong></span> <span class='ocrx_word' id='word_1_294' title='bbox 2120 3143 2177 3183; x_wconf 85' lang='lat' dir='ltr'><strong>et</strong></span> <span class='ocrx_word' id='word_1_295' title='bbox 2206 3130 2347 3183; x_wconf 69' lang='lat' dir='ltr'><strong>‘vasa</strong></span> <span class='ocrx_word' id='word_1_296' title='bbox 2392 3151 2555 3187; x_wconf 86' lang='lat' dir='ltr'><strong>omne</strong></span> <span class='ocrx_word' id='word_1_297' title='bbox 2600 3135 2802 3187; x_wconf 84' lang='lat' dir='ltr'><strong>instru-</strong></span> 
     </span>
     <span class='ocr_line' id='line_1_51' title="bbox 1770 3212 2800 3284; baseline 0.007 -25"><span class='ocrx_word' id='word_1_298' title='bbox 1770 3221 2014 3261; x_wconf 85' lang='lat' dir='ltr'><strong>mentum</strong></span> <span class='ocrx_word' id='word_1_299' title='bbox 2064 3223 2119 3263; x_wconf 89' lang='lat' dir='ltr'><strong>et</strong></span> <span class='ocrx_word' id='word_1_300' title='bbox 2164 3212 2547 3281; x_wconf 84' lang='lat' dir='ltr'><strong>supellectilem</strong></span> <span class='ocrx_word' id='word_1_301' title='bbox 2594 3214 2800 3284; x_wconf 75' lang='lat' dir='ltr'><strong>signifi-</strong></span> 
     </span>
     <span class='ocr_line' id='line_1_52' title="bbox 1773 3289 2800 3363; baseline 0.008 -25"><span class='ocrx_word' id='word_1_302' title='bbox 1773 3300 1923 3352; x_wconf 83' lang='lat' dir='ltr'><strong>cant,</strong></span> <span class='ocrx_word' id='word_1_303' title='bbox 1950 3300 2006 3340; x_wconf 83' lang='lat' dir='ltr'><strong>et</strong></span> <span class='ocrx_word' id='word_1_304' title='bbox 2022 3307 2139 3343; x_wconf 87' lang='lat' dir='ltr'><strong>eam</strong></span> <span class='ocrx_word' id='word_1_305' title='bbox 2164 3304 2373 3361; x_wconf 83' lang='lat' dir='ltr'><strong>partem</strong></span> <span class='ocrx_word' id='word_1_306' title='bbox 2388 3331 2403 3355; x_wconf 91' lang='lat'><em>‚</em></span> <span class='ocrx_word' id='word_1_307' title='bbox 2431 3312 2551 3363; x_wconf 76' lang='lat' dir='ltr'><strong>quoe</strong></span> <span class='ocrx_word' id='word_1_308' title='bbox 2574 3289 2800 3347; x_wconf 82' lang='lat' dir='ltr'><strong>honeste</strong></span> 
     </span>
     <span class='ocr_line' id='line_1_53' title="bbox 1774 3365 2800 3439; baseline 0.008 -21"><span class='ocrx_word' id='word_1_309' title='bbox 1774 3365 2019 3439; x_wconf 84' lang='lat' dir='ltr'><strong>interque</strong></span> <span class='ocrx_word' id='word_1_310' title='bbox 2055 3388 2139 3422; x_wconf 82' lang='lat' dir='ltr'><strong>res</strong></span> <span class='ocrx_word' id='word_1_311' title='bbox 2182 3370 2342 3423; x_wconf 80' lang='lat' dir='ltr'><strong>serias</strong></span> <span class='ocrx_word' id='word_1_312' title='bbox 2380 3373 2647 3427; x_wconf 85' lang='lat' dir='ltr'><strong>nominari</strong></span> <span class='ocrx_word' id='word_1_313' title='bbox 2688 3392 2800 3427; x_wconf 89' lang='lat' dir='ltr'><strong>non</strong></span> 
     </span>
     <span class='ocr_line' id='line_1_54' title="bbox 1773 3451 2802 3521; baseline 0.009 -23"><span class='ocrx_word' id='word_1_314' title='bbox 1773 3459 1983 3516; x_wconf 80' lang='lat' dir='ltr'><strong>potest3</strong></span> <span class='ocrx_word' id='word_1_315' title='bbox 2014 3466 2289 3521; x_wconf 89' lang='lat' dir='ltr'><strong>quamque</strong></span> <span class='ocrx_word' id='word_1_316' title='bbox 2325 3451 2437 3503; x_wconf 87' lang='lat' dir='ltr'><strong>Dea</strong></span> <span class='ocrx_word' id='word_1_317' title='bbox 2480 3453 2627 3505; x_wconf 84' lang='lat' dir='ltr'><strong>Bona</strong></span> <span class='ocrx_word' id='word_1_318' title='bbox 2657 3471 2690 3505; x_wconf 81' lang='lat' dir='ltr'><strong>a</strong></span> <span class='ocrx_word' id='word_1_319' title='bbox 2720 3472 2802 3507; x_wconf 81' lang='lat' dir='ltr'><strong>sa-</strong></span> 
     </span>
     <span class='ocr_line' id='line_1_55' title="bbox 1776 3526 2801 3587; baseline 0.009 -10"><span class='ocrx_word' id='word_1_320' title='bbox 1776 3526 1915 3578; x_wconf 87' lang='lat' dir='ltr'><strong>cello</strong></span> <span class='ocrx_word' id='word_1_321' title='bbox 1958 3546 2061 3581; x_wconf 79' lang='lat' dir='ltr'><strong>suo</strong></span> <span class='ocrx_word' id='word_1_322' title='bbox 2106 3530 2345 3583; x_wconf 80' lang='lat' dir='ltr'><strong>exsulare</strong></span> <span class='ocrx_word' id='word_1_323' title='bbox 2390 3532 2565 3584; x_wconf 84' lang='lat' dir='ltr'><strong>voluit</strong></span> <span class='ocrx_word' id='word_1_324' title='bbox 2608 3550 2624 3583; x_wconf 76' lang='grc' dir='ltr'><strong><em>ε</em></strong></span> <span class='ocrx_word' id='word_1_325' title='bbox 2670 3533 2801 3587; x_wconf 84' lang='lat' dir='ltr'><strong>hinc</strong></span> 
     </span>
     <span class='ocr_line' id='line_1_56' title="bbox 1779 3604 2803 3681; baseline 0.009 -25"><span class='ocrx_word' id='word_1_326' title='bbox 1779 3604 1896 3657; x_wconf 78' lang='lat' dir='ltr'><strong>bene</strong></span> <span class='ocrx_word' id='word_1_327' title='bbox 1974 3620 2175 3660; x_wconf 73' lang='lat' dir='ltr'><strong>vasatos</strong></span> <span class='ocrx_word' id='word_1_328' title='bbox 2242 3610 2587 3681; x_wconf 82' lang='lat' dir='ltr'><strong>Lampridius</strong></span> <span class='ocrx_word' id='word_1_329' title='bbox 2666 3610 2803 3665; x_wconf 85' lang='lat' dir='ltr'><strong>dixit</strong></span> 
     </span>
     <span class='ocr_line' id='line_1_57' title="bbox 1770 3685 2800 3755; baseline 0.01 -19"><span class='ocrx_word' id='word_1_330' title='bbox 1770 3685 1924 3755; x_wconf 78' lang='lat' dir='ltr'><strong>probe</strong></span> <span class='ocrx_word' id='word_1_331' title='bbox 1951 3691 2255 3743; x_wconf 76' lang='lat' dir='ltr'><strong>mutoniatos.</strong></span> <span class='ocrx_word' id='word_1_332' title='bbox 2287 3690 2352 3741; x_wconf 76' lang='lat' dir='ltr'><strong>In</strong></span> <span class='ocrx_word' id='word_1_333' title='bbox 2390 3691 2624 3743; x_wconf 79' lang='lat' dir='ltr'><strong>carmine</strong></span> <span class='ocrx_word' id='word_1_334' title='bbox 2663 3692 2800 3745; x_wconf 84' lang='lat' dir='ltr'><strong>lihe-</strong></span> 
     </span>
     <span class='ocr_line' id='line_1_58' title="bbox 1776 3768 2803 3838; baseline 0.007 -21"><span class='ocrx_word' id='word_1_335' title='bbox 1776 3784 1841 3817; x_wconf 85' lang='lat' dir='ltr'><strong>ro</strong></span> <span class='ocrx_word' id='word_1_336' title='bbox 1859 3784 1873 3817; x_wconf 77' lang='grc' dir='ltr'><strong><em>ε</em></strong></span> <span class='ocrx_word' id='word_1_337' title='bbox 1906 3792 1931 3815; x_wconf 77' lang='grc' dir='ltr'>ι</span> <span class='ocrx_word' id='word_1_338' title='bbox 1949 3768 2051 3820; x_wconf 86' lang='lat' dir='ltr'><strong>Hic</strong></span> <span class='ocrx_word' id='word_1_339' title='bbox 2076 3768 2304 3838; x_wconf 81' lang='lat' dir='ltr'><strong>legimus</strong></span> <span class='ocrx_word' id='word_1_340' title='bbox 2322 3769 2516 3822; x_wconf 84' lang='lat' dir='ltr'><strong>Circen</strong></span> <span class='ocrx_word' id='word_1_341' title='bbox 2532 3770 2803 3824; x_wconf 80' lang='lat' dir='ltr'><strong>Atlandia·</strong></span> 
     </span>
     <span class='ocr_line' id='line_1_59' title="bbox 1776 3842 2805 3919; baseline 0.006 -23"><span class='ocrx_word' id='word_1_342' title='bbox 1776 3842 2007 3917; x_wconf 84' lang='lat' dir='ltr'><strong>demque</strong></span> <span class='ocrx_word' id='word_1_343' title='bbox 2057 3848 2323 3919; x_wconf 74' lang='lat' dir='ltr'><strong>Calypso,</strong></span> <span class='ocrx_word' id='word_1_344' title='bbox 2368 3847 2606 3901; x_wconf 83' lang='lat' dir='ltr'><strong>Grandia</strong></span> <span class='ocrx_word' id='word_1_345' title='bbox 2653 3851 2805 3903; x_wconf 82' lang='lat' dir='ltr'><strong>Duli-</strong></span> 
     </span>
     <span class='ocr_line' id='line_1_60' title="bbox 1778 3924 2804 4001; baseline 0.006 -24"><span class='ocrx_word' id='word_1_346' title='bbox 1778 3924 1887 3977; x_wconf 83' lang='lat' dir='ltr'><strong>chii</strong></span> <span class='ocrx_word' id='word_1_347' title='bbox 1920 3944 2040 3979; x_wconf 82' lang='lat' dir='ltr'><strong>vasa</strong></span> <span class='ocrx_word' id='word_1_348' title='bbox 2070 3929 2249 3981; x_wconf 83' lang='lat' dir='ltr'><strong>tulisse</strong></span> <span class='ocrx_word' id='word_1_349' title='bbox 2272 3928 2436 3981; x_wconf 76' lang='lat' dir='ltr'><strong>viri·-</strong></span> <span class='ocrx_word' id='word_1_350' title='bbox 2474 3929 2804 4001; x_wconf 85' lang='lat' dir='ltr'><strong>Plerumque</strong></span> 
     </span>
     <span class='ocr_line' id='line_1_61' title="bbox 1783 4005 2803 4072; baseline 0.005 -16"><span class='ocrx_word' id='word_1_351' title='bbox 1783 4020 1961 4057; x_wconf 84' lang='lat' dir='ltr'><strong>autem</strong></span> <span class='ocrx_word' id='word_1_352' title='bbox 1982 4005 2287 4072; x_wconf 85' lang='lat' dir='ltr'><strong>accidebat,</strong></span> <span class='ocrx_word' id='word_1_353' title='bbox 2310 4016 2369 4057; x_wconf 85' lang='lat' dir='ltr'><strong>ut</strong></span> <span class='ocrx_word' id='word_1_354' title='bbox 2392 4007 2613 4059; x_wconf 82' lang='lat' dir='ltr'><strong>moechis</strong></span> <span class='ocrx_word' id='word_1_355' title='bbox 2643 4012 2803 4063; x_wconf 73' lang='grc' dir='ltr'><strong>ἐπαυ-</strong></span> 
     </span>
     <span class='ocr_line' id='line_1_62' title="bbox 1777 4084 2802 4159; baseline 0.006 -23"><span class='ocrx_word' id='word_1_356' title='bbox 1777 4085 1978 4155; x_wconf 70' lang='grc' dir='ltr'><strong>τοφῶρῳ</strong></span> <span class='ocrx_word' id='word_1_357' title='bbox 2000 4084 2339 4157; x_wconf 78' lang='lat' dir='ltr'><strong>deprehensis</strong></span> <span class='ocrx_word' id='word_1_358' title='bbox 2357 4084 2529 4138; x_wconf 85' lang='lat' dir='ltr'><strong>virilia</strong></span> <span class='ocrx_word' id='word_1_359' title='bbox 2556 4101 2802 4159; x_wconf 80' lang='lat' dir='ltr'><strong>amputa-</strong></span> 
     </span>
     <span class='ocr_line' id='line_1_63' title="bbox 1775 4163 2638 4225; baseline 0.002 -8"><span class='ocrx_word' id='word_1_360' title='bbox 1775 4177 1983 4219; x_wconf 87' lang='lat' dir='ltr'><strong>rentur.</strong></span> <span class='ocrx_word' id='word_1_361' title='bbox 2002 4166 2185 4221; x_wconf 76' lang='lat' dir='ltr'><strong>Tmut.</strong></span> <span class='ocrx_word' id='word_1_362' title='bbox 2202 4194 2283 4211; x_wconf 85' lang='lat'><strong>--</strong></span> <span class='ocrx_word' id='word_1_363' title='bbox 2304 4163 2422 4218; x_wconf 84' lang='lat' dir='ltr'><strong>Mil.</strong></span> <span class='ocrx_word' id='word_1_364' title='bbox 2448 4178 2550 4219; x_wconf 85' lang='lat' dir='ltr'><strong>act.</strong></span> <span class='ocrx_word' id='word_1_365' title='bbox 2567 4167 2638 4225; x_wconf 75' lang='lat' dir='ltr'><strong>‚V.</strong></span> 
     </span>
    </p>
   </div>
  </div>
 </body>
</html>
