3067 5017
890 376 1230 447 ACTUs
1281 380 1350 462 Ι,
1401 379 1732 449 SCENA
1784 379 1890 448 II.
2296 392 2300 399 ’
2390 380 2475 451 31

305 497 488 569 Male
516 496 852 567 formido:
888 498 1092 591 gnovi
1129 522 1254 592 ego
1289 498 1503 593 hujus·
1523 525 1745 570 mores
1784 499 2036 569 morosi
2066 498 2300 571 malos.

304 608 772 699 Quamobrem
795 662 814 695 ,
843 607 1084 675 amabo
1107 660 1126 693 ‚
1160 633 1308 675 mea
1342 607 1680 704 voluptas,
1719 610 1861 679 sine
1898 625 1963 681 te
1998 612 2359 681 exorarier.

306 742 523 790 Aeon.
549 717 706 789 Non
734 742 870 812 ego·
883 718 1088 786 homo
1113 718 1382 787 trioboli
1404 745 1551 789 sum
1569 773 1588 805 ‚
1616 722 1745 790 nisi
1774 746 1899 817 ego
1929 720 2025 790 illi
2048 722 2373 818 mastigiae

307 830 613 900 Exturbo
650 827 881 897 oculos
909 842 1110 921 atque
1144 826 1400 898 denteis
1430 856 1444 897 :
1484 831 1639 901 hem
1679 831 2096 926 voluptatem
2134 832 2300 919 tihi,

249 942 260 949 ’
307 943 480 1008 Hem
514 936 690 1023 mel,
739 938 920 1007 hem.
955 938 1098 1025 cor.
1141 938 1296 1007 hem
1350 938 1667 1011 labellum
1691 994 1711 1029 ,
1749 941 1904 1011 hem
1950 940 2274 1029 salutem,
2310 942 2467 1011 hem

604 1049 859 1117 savium
894 1044 908 1116 l
2388 1086 2467 1129 170

305 1183 564 1229 fflm‘n.
612 1160 894 1252 Impias‚
922 1158 1125 1245 here,
1157 1173 1222 1230 te
1264 1186 1280 1229 ε
1322 1175 1659 1231 oratorem
1693 1160 2023 1231 verberas
2061 1188 2279 1235 Aeon.
2318 1168 2468 1235 Jam

601 1284 769 1337 istoc
806 1292 1043 1361 magns.
1093 1313 1100 1323 ·

305 1383 393 1450 Et
417 1380 563 1474 jam
602 1377 890 1447 ocellum
922 1377 1163 1447 addam
1185 1430 1206 1464 ‚
1241 1394 1308 1447 et
1346 1378 1661 1448 labellum
1682 1434 1703 1467 ‚
1740 1393 1807 1449 et
1845 1378 2171 1474 linguam.
2204 1407 2461 1454 MILPH.

597 1488 862 1583 Ecquid
901 1487 1102 1557 facies
1149 1489 1386 1558 modi?

305 1624 522 1670 Aeon.
567 1600 830 1670 Siccine
866 1624 992 1692 ego
1026 1612 1092 1667 te
1129 1624 1322 1667 orare
1349 1600 1569 1693 jussi?
1602 1624 1856 1672 mmm.
1898 1601 2267 1693 Quomodo
2301 1628 2463 1699 ergo
2521 1606 2525 1608 ’

596 1710 830 1778 orem?
873 1733 1086 1779 AGOR.
1129 1708 1405 1804 Rogas?

223 1890 230 1895 ,
302 1822 409 1888 Sic
447 1820 632 1889 enim
671 1819 965 1903 dicereS‚
1011 1817 1286 1887 sceleste
1315 1820 1563 1913 :hujus
1597 1818 1945 1916 voluptas,
1982 1836 2049 1889 te
2084 1824 2403 1892 obsecro:

300 1931 520 2024 Hujus
555 1929 722 2011 mel,
761 1929 962 2021 hujus
994 1954 1149 2016 cor,
1178 1929 1382 2023 hujus
1419 1929 1769 2016 labellum,
1796 1932 2001 2025 hujus
2038 1932 2305 2029 lingua,
2332 1936 2461 2004 hu-

587 2040 700 2133 jus
737 2040 992 2109 savium
1015 2094 1034 2125 ‚

2385 2064 2463 2120 175

299 2151 518 2242 Hujus
551 2147 840 2219 colostra
865 2202 885 2233 ‚
919 2149 1122 2242 hujus
1151 2148 1330 2217 salus
1371 2176 1669 2235 amoena,
1709 2152 1913 2246 hujus
1950 2152 2308 2242 festivitaS‚

296 2260 514 2352 Hujus
549 2258 877 2345 colostra,
915 2258 1115 2351 hujus
1153 2259 1525 2329 dulciculus
1563 2286 1831 2349 casem,
1874 2266 2222 2359 mastigia,

297 2371 514 2463 Hujus
551 2395 710 2450 cor,
747 2369 950 2463 hujus
989 2369 1324 2455 studium,
1363 2371 1567 2461 hujus
1604 2372 1896 2458 savium,
1942 2375 2309 2469 mastigia3.

299 2482 547 2550 Omnia
577 2478 692 2548 illa
728 2503 878 2572 quae
916 2478 1182 2547 dicebas
1219 2493 1334 2547 tua
1373 2504 1555 2565 esse,
1585 2504 1663 2548 ea
1700 2506 2108 2552 memorares
2142 2508 2315 2555 mea.

296 2614 552 2661 MILPH.
575 2590 878 2660 Obsecro
897 2643 916 2672 ‚
941 2588 1166 2658 hercle
1187 2640 1206 2675 ‚
1235 2604 1302 2657 te
1321 2641 1342 2675 ‚
1369 2588 1697 2684 voluptas
1716 2591 1951 2683 hujus,
1982 2607 2187 2686 atque
2220 2597 2453 2665 odium

591 2724 820 2767 meum
841 2750 861 2784 ,

2382 2730 2461 2769 180

297 2810 514 2904 Hujus
555 2808 770 2879 amica
810 2822 1239 2895 mammeam,
1282 2834 1431 2878 mea
1471 2808 1745 2878 inimica
1782 2825 1857 2879 et‘
1889 2809 2245 2901 malevola,

251 2998 256 3003 “
293 2984 507 3039 codices
540 2984 885 3037 consentiunt
922 2980 1226 3036 exhibendo
1257 2983 1322 3035 il-

295 3067 390 3119 lum
406 3068 572 3133 faciat
586 3084 604 3115 .·
623 3084 732 3118 non
759 3063 908 3135 quasi
929 3064 1034 3115 hoc
1053 3063 1324 3133 explican-

293 3144 422 3198 dum
469 3162 712 3199 censeam
737 3183 753 3211 ,
796 3156 856 3195 ut
893 3142 974 3195 illi
1011 3154 1321 3206 tentarunt,

293 3238 347 3279 et
383 3225 674 3278 infeliciter
707 3243 721 3275 :
762 3220 856 3275 sed
897 3220 1046 3295 quod
1081 3224 1181 3275 sub
1216 3222 1322 3275 hoe

293 3317 550 3376 corrupto
577 3317 761 3374 putem
784 3303 950 3375 longe
967 3301 1318 3356 aliudlatere.

291 3384 432 3437 Vide
460 3403 526 3435 an
559 3384 627 3437 sit
661 3402 675 3434 ε
731 3408 752 3430 ι
779 3384 958 3454 Atque
992 3384 1080 3435 hic
1119 3400 1206 3435 me
1254 3400 1324 3435 ne

269 3458 682 3517 'verbe-rabilem
709 3463 886 3529 faciat,
913 3463 1018 3516 nisi
1051 3474 1102 3514 te
1130 3462 1322 3533 propi-

291 3544 386 3610 tio,
413 3546 552 3596 male
579 3540 818 3595 formido
841 3570 890 3596 ι.
915 3542 1114 3615 Utitur·
1134 3540 1321 3595 eadem

289 3642 418 3677 voce
447 3624 506 3676 in
527 3623 824 3676 Aulularia.
855 3622 1110 3677 Gnonov.
1135 3654 1195 3664 —
1213 3624 1319 3673 Bo-

290 3704 432 3756 thius
462 3703 606 3765 vult,
635 3704 846 3774 «Atque
871 3699 964 3755 hic
994 3720 1080 3755 me
1114 3720 1183 3754 ne
1202 3720 1323 3753 ver-

289 3784 558 3836 bex-ullum
601 3782 758 3855 faciat
786 3781 892 3834 nisi
923 3794 959 3833 t.
1000 3801 1056 3853 p.
1082 3808 1102 3829 ι
1131 3819 1147 3845 ,
1191 3800 1323 3835 con·

288 3862 414 3916 ficto
433 3862 544 3934 joci
571 3880 727 3914 causa
756 3862 979 3913 nomine
1011 3874 1074 3913 ut
1100 3860 1324 3913 homul-

289 3941 370 3995 lus
419 3944 488 3995 ab
539 3941 738 4007 hom0,
778 3940 1008 3994 catullus
1049 3959 1083 3993 a
1132 3952 1285 3995 catus
1310 3979 1326 4011 ,

287 4032 389 4076 ete.
417 4022 489 4075 N.
569 4028 574 4035 ’

373 4103 506 4155 168.
527 4100 692 4155 Homo
716 4100 905 4159 triboli,
935 4099 1120 4153 nihili.

1503 2987 1635 3054 169.
1657 2984 1785 3036 Hem
1816 2985 2133 3055 voluptatem.
2174 2988 2303 3039 Hem
2327 2988 2363 3041 i.
2390 3008 2449 3061 q.

1413 3081 1534 3116 ecce
1550 3104 1565 3129 ,
1585 3064 1673 3116 vel
1696 3078 1955 3136 sequente
1976 3084 2100 3119 casu
2130 3067 2455 3136 accusandi,
2530 3130 2538 3138 ,

1411 3143 1497 3196 vel
1516 3144 1687 3209 nullo,
1706 3158 1786 3198 est
1808 3164 1946 3217 soepe
1966 3146 2131 3199 ictum
2154 3148 2453 3220 impingen-

1412 3224 1508 3287 tis,
1542 3224 1695 3277 Asin.
1717 3225 1803 3288 ΙΙ,
1843 3232 1907 3289 4,
1939 3228 2029 3279 25.
2056 3228 2129 3280 N.

1502 3322 1633 3373 17¹·
1675 3304 1954 3359 Oratorem.
1992 3306 2191 3359 Orator
2224 3306 2315 3359 hie
2341 3326 2451 3377 pro

1412 3382 1590 3453 legato
1623 3384 1879 3453 ponitur,
1927 3386 2023 3458 qui
2080 3400 2451 3441 sacrosanctus

1413 3475 1468 3514 et
1512 3464 1843 3517 inviolabilis
1889 3468 2011 3536 jure
2058 3466 2301 3535 gentium
2352 3479 2451 3521 est.

1410 3542 1545 3595 Ideo
1588 3543 1663 3595 ait
1710 3546 1884 3613 impias
1938 3557 2017 3607 te,
2065 3545 2103 3597 i.
2143 3561 2191 3597 e.
2233 3546 2449 3616 piaculo

1411 3622 1705 3693 obstringis
1745 3636 1824 3683 te,
1869 3623 2069 3693 grande
2110 3624 2259 3677 nefas
2300 3627 2448 3681 facis.

1413 3694 1847 3755 Gaou.*-—-.lam
1876 3708 1995 3755 istoc
2026 3707 2217 3773 magis,
2244 3724 2309 3757 eo
2333 3726 2448 3759 ma·

1411 3782 1490 3851 gis
1519 3794 1572 3833 te
1602 3784 1901 3845 verberabo
1928 3784 2003 3835 ob
2027 3782 2089 3836 id
2115 3783 2261 3855 quod
2284 3784 2449 3851 dicis,

1413 3859 1535 3932 quia
1585 3874 1768 3916 orator
1809 3861 1966 3915 datus
2004 3883 2037 3917 a
2078 3883 2166 3916 me
2208 3864 2447 3919 lusorem

1414 3940 1650 4011 gessisti,
1678 3941 1803 3993 vide
1825 3960 1903 3995 vs.
1930 3944 2060 4011 ²73·
2088 3944 2161 3996 N.

1445 4084 1452 4089 Ι
1502 4026 1637 4090 ι74.
1676 4021 1910 4087 Decem,
1954 4035 2017 4075 ut
2054 4023 2155 4077 inf.
2192 4042 2271 4077 vs.
2304 4042 2447 4094 179,

1417 4119 1722 4153 memorares.
1758 4101 1844 4155 Cf.
1872 4102 2023 4179 l’ers.
2048 4103 2153 4170 IV,
2190 4106 2245 4168 6,
2277 4107 2366 4157 26.
2458 4144 2461 4151 .
