3067 5017
534 410 626 485 30
1309 413 1892 496 POENULU‘S‚

523 560 776 610 muta.
804 534 968 607 Noli
995 590 1015 621 ‚
1051 534 1328 621 amab0‚
1375 536 1774 606 subcensere
1802 537 1968 604 hero
2004 558 2157 605 meo
2182 559 2383 607 causa
2408 561 2579 607 mea.

523 650 670 741 Ego
703 645 881 732 faxo,
917 647 974 715 si
1012 670 1150 714 non
1183 646 1352 714 irata
1385 671 1491 733 eS‚
1528 646 1814 731 nimium
1851 670 1974 739 pro
2012 660 2079 713 te
2116 646 2337 732 dabit3

521 762 749 851 Atque
793 772 858 825 te
899 755 1096 825 faciet
1130 772 1204 823 ut
1243 757 1332 825 sis
1377 757 1543 825 civis
1584 756 1803 827 Attica
1841 770 2043 849 atque
2081 756 2312 826 libera.
2397 794 2407 803 ·

526 892 839 939 ADELPR.
871 867 1061 957 Quin
1091 866 1277 935 abire
1302 867 1510 937 sinis?
1540 866 1707 961 quid
1740 868 1839 935 vis
1869 866 2038 936 tibi?
2063 869 2181 961 qui
2206 868 2379 935 bene
2406 865 2681 954 volunt,

823 979 998 1046 bene
1033 974 1323 1047 visitem.
2606 1003 2686 1042 ιε..

460 1140 464 1144 -
521 1113 780 1161 M1LPH.
803 1090 877 1159 Si
915 1102 1072 1157 ante
1102 1087 1374 1182 quidem
1403 1088 1728 1157 mentitus
1755 1101 1879 1175 est,
1906 1111 2093 1157 nunc
2108 1087 2249 1182 jam
2279 1086 2525 1158 dehinc
2554 1089 2683 1158 erit

827 1222 1026 1267 verax
1063 1199 1210 1267 tibi.

527 1332 836 1381 ADELPH.
883 1308 1184 1377 Abscede
1227 1307 1428 1390 hinc,
1486 1308 1617 1392 sis,
1657 1306 2087 1401 sycophanta.
2134 1330 2385 1376 sunm.
2424 1309 2679 1376 Pareo:

824 1432 894 1485 at
935 1416 1094 1486 scin’
1130 1415 1522 1510 quomodo?

522 1529 680 1600 Sine
699 1544 761 1597 te
777 1552 1046 1596 exorem
1066 1581 1084 1613 ‚
1103 1528 1246 1596 sine
1268 1542 1332 1595 te
1351 1525 1677 1620 prendam
1698 1524 2017 1595 auriculis
2036 1579 2055 1611 ‚
2073 1526 2215 1595 sine
2232 1524 2383 1595 dem
2400 1527 2680 1595 savium.

524 1643 675 1709 Jam
703 1693 722 1727 ‚
751 1636 1063 1725 hercule,
1099 1662 1224 1731 ego
1263 1637 1500 1707 faciam
1550 1636 1927 1731 plorantem
1966 1636 2157 1705 illum
2180 1691 2199 1725 ‚
2237 1638 2365 1705 nisi
2405 1652 2471 1705 te
2508 1636 2682 1707 facio

818 1748 1202 1842 propitiam.

521 1866 752 1955 Atque
781 1858 894 1927 hic
917 1882 1025 1926 me
1052 1882 1138 1925 ne
1173 1856 1526 1952 verberet(
1545 1856 1711 1926 illud
1751 1856 1979 1943 faciet,
2012 1858 2137 1926 nisi
2169 1872 2235 1926 te
2260 1858 2587 1953 propitio)
2607 1877 2685 1917 1⁶⁵

612 2073 743 2144 157.
775 2073 944 2127 Causa
971 2092 1091 2125 mea.
1129 2071 1195 2125 Id
1237 2072 1406 2141 gratia
1443 2090 1563 2124 mea

527 2153 786 2219 concede,
815 2166 876 2206 ut
903 2153 984 2206 illi
1017 2171 1128 2205 non
1155 2170 1482 2205 succenseas.

618 2234 748 2289 158.
775 2233 1055 2302 Egofaxo,
1082 2244 1186 2286 etc.
1215 2232 1397 2303 Vulgo
1417 2272 1432 2297 ,
1466 2254 1488 2280 e
1507 2230 1564 2285 s‘i

527 2334 644 2368 non
686 2332 786 2385 ego
821 2314 978 2379 faxo,
1015 2313 1150 2365 irata
1195 2330 1285 2376 es,
1325 2310 1564 2365 nimium

525 2412 631 2465 pro
659 2405 712 2446 te
743 2392 895 2445 dabit
917 2418 937 2439 ι
961 2429 976 2453 ,
1028 2410 1316 2463 perperam
1335 2430 1352 2457 ‚
1400 2410 1565 2458 repu-

526 2473 813 2545 gnantibus
832 2470 989 2535 MSS,
1010 2472 1102 2541 qui
1128 2472 1385 2523 exhibent
1406 2497 1428 2517 κ
1446 2471 1563 2540 Ego

529 2554 688 2616 fax0,
717 2553 761 2605 si
795 2571 909 2605 non
946 2552 1075 2603 irata
1103 2569 1158 2603 es
1189 2550 1419 2602 nimium
1450 2542 1561 2615 (vel

527 2622 802 2699 ninnium)
828 2650 930 2703 pro
954 2642 1008 2683 te
1035 2628 1246 2683 dabit».
1279 2628 1440 2681 Unde
1465 2627 1567 2681 do-

529 2713 601 2766 cti
625 2711 917 2764 lectionem
941 2726 1103 2781 quam
1131 2708 1410 2762 reddimus
1434 2709 1567 2761 effe-

511 2786 1036 2845 cerunt-Turnebus
1049 2808 1149 2860 pro
1171 2792 1370 2841 nimium
1383 2789 1567 2859 posuit

527 2872 802 2934 numilem,
842 2869 992 2943 quod
1035 2868 1311 2945 ingeniose
1351 2868 1567 2921 Lambi-

522 2970 623 3004 nus
647 2951 877 3022 explicat
902 2950 1054 3021 quasi
1071 2966 1260 3001 servus
1283 2949 1564 3002 mulierem

526 3030 753 3085 irrideat
791 3048 955 3103 quam
996 3028 1186 3082 tantuli
1229 3028 1470 3081 aestimet.
1497 3031 1567 3081 At

527 3110 836 3165 Gronovius
859 3121 1044 3163 censet
1059 3106 1402 3161 retinendam
1422 3108 1562 3161 MSS

525 3191 816 3243 lectionem
867 3192 1066 3241 nimium
1121 3188 1157 3239 i.
1201 3206 1254 3259 q.
1303 3184 1561 3255 multum,

523 3271 688 3324 latine
715 3267 934 3341 quidem
957 3280 1010 3322 et
1039 3268 1238 3337 scripto
1262 3268 1565 3340 obsequen-

529 3361 631 3415 ter,
653 3368 716 3404 ac
741 3350 920 3401 minus
937 3347 1168 3418 -comiee.
1211 3348 1282 3401 N.

620 3433 741 3483 160.
780 3430 918 3482 Bene
950 3430 1160 3479 visitem.
1194 3428 1457 3480 Veterum
1499 3428 1566 3480 li-

526 3510 753 3561 brorum
777 3521 831 3561 et
851 3526 978 3561 vera
1007 3507 1274 3578 scriptura
1292 3519 1404 3560 est:
1428 3508 1565 3560 Bene

527 3592 738 3641 visitem.
769 3587 1156 3641 Benevolentes
1185 3586 1318 3640 mihi
1345 3589 1482 3641 bene
1511 3602 1567 3641 et

527 3667 742 3721 blandis
782 3666 952 3718 oculis
981 3667 1198 3737 aspicio.
1233 3668 1372 3720 Cum
1404 3669 1565 3720 bonis

429 3748 432 3757 '
527 3762 582 3805 et
613 3746 914 3803 faventibus
941 3746 1072 3798 mihi
1099 3748 1238 3801 bene
1259 3766 1378 3817 ago.
1399 3749 1452 3797 V
1451 3751 1563 3800 isito

531 3826 678 3879 idem
715 3838 793 3879 est
827 3826 976 3895 quod
1003 3828 1166 3881 video.
1205 3851 1228 3875 α
1249 3828 1462 3893 Visere,
1485 3830 1565 3880 vi-

529 3908 689 3962 sitare
710 3944 726 3971 ,
755 3904 984 3970 videm,
1033 3906 1232 3978 cupide
1283 3906 1482 3959 intueri
1511 3929 1562 3959 n.

528 3988 610 4039 Ita
663 3986 866 4039 Glossae
911 3986 1110 4057 Papiae.
1157 3989 1446 4039 Boxnonn.
1483 4018 1565 4029 -—

528 4067 694 4119 Recta
715 4078 805 4118 est
836 4064 1099 4137 scriptura
1131 4066 1419 4119 librorum.
1448 4066 1564 4119 Nec

529 4146 876 4200 scribendum
903 4165 1032 4201 eum
1047 4147 1307 4207 Tui-nebo
1319 4186 1336 4215 ,
1353 4146 1469 4199 bene
1484 4150 1564 4199 vc‘s

1652 2075 1793 2134 item,
1819 2084 1910 2125 aut
1926 2090 2056 2125 cum
2077 2071 2262 2143 Lipsio
2280 2112 2295 2136 ‚
2324 2071 2523 2142 benefici
2538 2076 2685 2128 sient.

1652 2153 1883 2205 Sumus.
1912 2179 1995 2192 —
2023 2153 2106 2204 De
2132 2152 2531 2224 frequentativo
2558 2152 2685 2207 vide

1650 2232 1710 2297 Ι,
1752 2251 1779 2283 2
1801 2267 1819 2295 ‚
1858 2233 1948 2285 60.

1738 2315 1868 2365 162.
1894 2310 2225 2383 Sycophanta.
2247 2312 2448 2383 Amph.
2469 2313 2516 2376 I,
2542 2311 2599 2376 3,
2621 2314 2677 2366 8.
2734 2337 2745 2343 ·

1651 2422 1733 2433 ---
1755 2391 1895 2444 Scin’
1923 2412 1971 2461 q.
2002 2391 2186 2445 Aulul.
2206 2392 2286 2458 ΙΙ,
2322 2399 2387 2455 4,
2428 2394 2521 2445 28.

1739 2491 1759 2524 1
1776 2472 1868 2524 63.
1904 2472 2149 2523 Prendam
2182 2476 2335 2523 aurio.
2360 2472 2514 2524 Inter
2534 2485 2686 2525 caete-

1651 2567 1735 2603 ras
1782 2552 2013 2621 antiquae
2053 2552 2325 2605 vetustatis
2364 2550 2681 2615 blanditias,

1652 2630 2051 2683 observandum
2096 2644 2175 2683 est
2224 2633 2329 2684 hoc
2374 2632 2543 2684 osculi
2592 2650 2685 2702 ge·

1650 2728 1752 2763 nus
1772 2749 1789 2775 ,
1830 2730 1939 2781 quo
1972 2711 2215 2765 solebant
2253 2711 2409 2781 pueri
2436 2725 2685 2783 parentes

1654 2803 1744 2843 aut
1785 2790 1918 2843 alios
1936 2830 1950 2856 ,
1994 2793 2080 2843 vel
2127 2803 2369 2843 amantes
2419 2791 2560 2844 inter
2599 2810 2682 2856 se,

1651 2870 1871 2922 alterius
1897 2870 2117 2923 auribus
2144 2871 2509 2941 apprehensis,
2530 2890 2685 2925 oscu-

1652 2950 1767 3002 lari.
1795 2947 1859 3001 Id
1890 2951 1972 3002 illi
1998 2952 2181 3021 χύτραν
2212 2951 2325 3003 sive
2352 2952 2503 3003 ollam
2527 2969 2686 3007 voca·

1650 3029 1783 3083 bant
1818 3049 1832 3081 ε
1866 3029 2030 3084 credo
2054 3028 2203 3101 quod
2234 3032 2290 3083 in
2320 3050 2387 3083 eo
2412 3044 2590 3101 gestu,
2622 3042 2685 3083 ut

1652 3123 1814 3179 caput
1842 3110 1961 3161 011ae
1982 3149 1997 3173 ‚
2026 3110 2097 3163 ita
2126 3128 2278 3163 aures
2306 3130 2556 3163 ansarum
2581 3110 2686 3163 for-

1650 3208 1793 3242 mam
1836 3191 2038 3243 referr‘e
2075 3188 2415 3243 videbantur.
2456 3190 2685 3252 Pollux,

1650 3270 1746 3322 lib.
1775 3272 1859 3323 X:
1892 3268 2133 3323 Λαῧοῦσα.
2170 3278 2267 3321 τῶν
2306 3271 2443 3323 ὤτων
2484 3274 2691 3339 φίλησον·

1648 3352 1738 3408 τὴν
1764 3352 1969 3421 χύτραν.
1992 3376 2015 3398 ι
2037 3350 2215 3403 Ollam
2238 3344 2511 3421 prehensis
2528 3369 2685 3402 oscu-

1647 3429 1759 3482 lare
1793 3429 2041 3495 auribus,
2082 3442 2186 3483 etc.
2221 3456 2241 3477 ι
2283 3430 2433 3482 Inter
2461 3429 2683 3483 Latinos

1648 3510 1754 3561 hoc
1777 3510 1947 3562 osculi
1966 3528 2133 3580 genus
2158 3509 2396 3578 primum
2419 3508 2685 3580 expressit

1649 3589 1865 3643 Plautus
1888 3590 1993 3641 hoc
2024 3591 2145 3641 loco
2166 3626 2181 3650 ‚
2213 3602 2263 3641 et
2286 3588 2444 3642 Asin.
2478 3590 2581 3653 111,
2616 3590 2681 3642 3:

1656 3668 1973 3740 «prehende
2006 3669 2290 3721 auriculis:
2326 3688 2579 3740 compara
2607 3669 2682 3721 la·

1646 3749 1787 3801 bella
1811 3767 1935 3801 cum
1956 3749 2165 3801 labellis
2194 3775 2243 3801 ι.
2268 3748 2517 3801 Cum-En.

1738 3831 1866 3887 165.
1910 3828 1991 3881 Ne
2043 3829 2256 3881 verberet
2295 3828 2454 3887 (illud
2471 3829 2681 3896 faciet).

1646 3909 1717 3959 Et
1742 3908 1832 3960 hic
1866 3908 2139 3962 Muretum
2164 3910 2377 3979 sequuti
2408 3922 2568 3961 suut:
2600 3922 2683 3960 at-

1646 4006 1751 4058 que
1789 3989 1863 4041 ita
1890 4008 2015 4041 sane
2052 3990 2110 4041 in
2149 3988 2335 4042 codice
2359 3987 2681 4049 Academico

1645 4066 1825 4120 video,
1851 4068 1901 4122 N
1906 4088 1980 4121 on
2009 4082 2207 4122 temere
2230 4083 2409 4122 tamen
2424 4080 2522 4132 est,
2534 4066 2681 4139 quod

1645 4148 1923 4215 Turnebi‚
1978 4150 2265 4215 Lambini,
2308 4148 2675 4203 Camerariani
