3067 5017
921 463 1255 535 Ac‘rus
1306 465 1379 550 1,
1430 461 1752 532 SCENA
1805 462 1943 530 1v.
2365 484 2508 557 αις)

356 593 595 684 Neque
624 640 644 676 ‚
675 587 732 666 si
768 586 973 674 vivit,
1002 611 1148 655 eam
1181 587 1402 655 vivam
1438 609 1742 679 unquam
1775 584 1942 679 quin
1971 583 2310 654 inveniam
2331 638 2350 671 ‚
2386 585 2504 664 de-

652 697 904 769 sistam.
960 755 970 766 .

355 834 513 880 PAt..
571 811 903 900 Quaenam
947 831 1079 875 vox
1127 807 1293 878 mihi
1352 831 1565 902 prope
1617 781 1772 874 heic
1815 805 2061 876 sonat?
2117 788 2294 877 Am».
2342 808 2509 876 Per-

652 933 870 986 tlmut.
1079 945 1086 954 ·
2463 949 2514 978 ω

355 1027 531 1120 Quis
584 1003 737 1097 heic
792 1025 1091 1120 loquitur
1149 1025 1400 1121 prope?
1472 1043 1634 1095 ΒΑΕ.
1697 1028 1868 1120 Spes
1915 1025 2141 1111 bona,
2191 1027 2511 1111 obsecre,

649 1139 977 1207 subventa

352 1248 552 1318 Mihi.
590 1271 765 1318 Am».
796 1245 1051 1316 Mulier
1079 1260 1217 1328 est,
1249 1242 1604 1316 muliebris
1635 1269 1766 1326 vox
1801 1244 1971 1313 mihi
2001 1245 2086 1314 ad
2115 1245 2335 1314 aureis

353 1360 595 1448 Venit3
634 1383 719 1426 an
760 1358 1007 1426 eximes
1052 1381 1135 1424 ex
1171 1355 1301 1425 hoc
1336 1355 1654 1424 miseram
1695 1353 1928 1424 metu?

352 1492 509 1539 ru..
546 1471 751 1538 Certo
778 1492 917 1536 vox
962 1464 1311 1536 muliebris
1355 1467 1578 1534 aureis
1613 1466 1834 1559 tetigit
1869 1489 2072 1538 meas.

339 1581 539 1648 'Num
554 1577 953 1672 Ampelisca,
966 1577 1268 1665 obsecre,
1290 1575 1612 1654 'sti‘luun
1628 1575 1811 1664 Ten’‚
1832 1573 2165 1659 Palaestra,
2187 1553 2479 1645 audio?
2491 1601 2515 1640 ⁵

354 1713 517 1759 PAL.
555 1689 745 1778 Quin
778 1713 972 1772 vom,
1005 1702 1083 1755 ut
1114 1712 1222 1754 me
1254 1685 1517 1773 audiat,
1561 1685 1838 1755 nomine
1873 1683 2058 1752 illam
2097 1675 2272 1753 suo?

356 1795 778 1895 Ampelisca!
812 1821 988 1867 Amr.
1019 1801 1229 1884 Hem,
1263 1797 1413 1890 quis
1450 1795 1596 1864 est?
1619 1819 1778 1865 PAL.
1813 1799 1962 1890 Ego
1996 1792 2310 1864 Palaestra
2347 1819 2519 1867 sum.

361 1930 537 1976 AMP.
568 1907 701 1976 Dic
722 1958 739 1988 ‚
770 1907 890 1992 ubi
919 1906 1031 1975 es?
1059 1929 1217 1975 ΡΜ..
1259 1904 1418 1992 Pol,
1451 1930 1578 2000 ego
1616 1930 1801 1974 nunc
1834 1906 1904 1972 in
1935 1903 2128 1976 malis
2157 1903 2488 1999 plurimis.

365 2043 541 2088 AMP.
588 2018 788 2088 Socia
826 2042 1013 2103 sum,
1050 2041 1175 2086 nec
1214 2016 1441 2094 minor
1469 2041 1628 2110 pars
1663 2040 1815 2086 mea
1832 2013 1914 2086 'st
1943 2040 2148 2112 quam
2182 2030 2320 2085 tua.

358 2129 492 2198 Sed
531 2128 760 2197 videre
795 2142 1037 2222 expeto
1075 2143 1165 2196 te.
1198 2151 1358 2197 ΡΜ..
1398 2128 1574 2197 Mihi
1611 2153 1679 2196 es
1723 2125 1984 2197 aemula.

358 2261 532 2307 AMP.
573 2240 1091 2332 consequamur
1126 2236 1341 2332 gradu
1374 2262 1608 2306 vocem
1638 2263 1655 2305 ε
1685 2237 1804 2308 ubi
1842 2235 1962 2310 es?
1989 2261 2152 2308 Ρη.
2181 2239 2355 2311 Ecce
2377 2261 2522 2324 me,

359 2345 630 2416 Adcede
669 2347 755 2416 ad
788 2372 933 2433 me,
978 2360 1180 2440 atque
1218 2345 1328 2415 adi
1371 2361 1630 2415 contra.
1668 2369 1844 2416 Amr.
1877 2346 1988 2414 Fit
2022 2345 2272 2415 sedulo.

360 2481 522 2537 mu..
580 2457 771 2528 Cedo
833 2446 1128 2526 manum.
1196 2480 1367 2536 ΔΜΡ,
1427 2455 1708 2550 Adcipe.
1773 2479 1930 2536 PAL·
1998 2455 2130 2526 Dic
2152 2507 2172 2542 ‚
2218 2454 2475 2528 vivisne
2501 2516 2522 2550 ‚

654 2567 931 2636 obsecro
959 2564 990 2634 Ρ

372 2700 543 2747 ΑΜΡ.
584 2679 688 2752 Tu
730 2676 894 2746 facis
929 2700 1040 2756 me
1077 2673 1351 2770 quidem
1388 2688 1467 2748 ut
1505 2675 1731 2746 vivere
1774 2699 1959 2747 nune
1991 2665 2230 2764 velim,
2300 2679 2306 2685 '

361 2787 657 2876 Quando
694 2788 862 2857 mihi
899 2801 965 2857 te
1007 2785 1162 2863 licet
1206 2800 1481 2880 tangere
1516 2811 1533 2860 ε
1564 2800 1642 2854 ut
1675 2784 1789 2854 vix
1832 2785 2002 2858 mihi
2213 2857 2216 2862 ,
2475 2808 2528 2858 2⁵

359 2897 578 2969 Credo
618 2923 746 2992 ego
782 2897 942 2986 hoc,
974 2911 1040 2970 te
1084 2891 1339 2968 tenere!
1381 2895 1695 2983 obsecro,
1734 2892 2176 2989 amplectere,

360 3009 527 3102 Spes
570 3031 764 3096 mea3
793 3023 868 3076 ut
901 3033 1010 3078 me
1054 3007 1360 3078 omnium
1390 3005 1533 3101 jam
1567 3004 1875 3078 laborum
1914 3001 2126 3078 levas!

361 3141 520 3188 ru..
556 3119 876 3213 Obcupas
914 3116 1239 3214 praeloqui
1262 3171 1283 3212 ‚
1321 3141 1471 3212 quae
1507 3114 1750 3187 mea’st
1783 3115 2027 3193 oratio.

361 3344 471 3396 sola
504 3356 631 3399 sunt
654 3369 704 3396 ιι.
731 3343 862 3398 Vid.
895 3343 1092 3397 Bacch.
1121 3345 1179 3396 ΙΙ
1199 3383 1216 3410 ,
1244 3343 1275 3397 3
1295 3384 1311 3412 ,
1344 3358 1400 3399 et
1574 3363 1665 3415 ²7·
1691 3343 1936 3398 Labor-um
1955 3345 2100 3397 levas.
2123 3343 2406 3398 Genitivus
2423 3362 2527 3415 pro

360 3423 517 3476 Trin.
536 3425 642 3488 IV,
676 3425 731 3479 3.
755 3425 899 3476 Ean.
928 3454 1009 3468 --
1034 3423 1187 3477 Nihil
1214 3422 1400 3478 demu·
1486 3423 1764 3478 usitatiore
1806 3443 1934 3478 casu
1968 3423 2118 3477 haud
2153 3425 2317 3478 semel
2349 3423 2526 3477 verbis

360 3503 606 3558 tandum.
644 3504 733 3556 sio
764 3504 1007 3557 Catullus
1050 3504 1087 3558 l.
1128 3523 1175 3558 c.
1212 3529 1235 3552 ι
1258 3507 1401 3558 Prae-
1486 3504 1684 3574 subjici
1712 3502 1949 3558 vidimus
1981 3496 2168 3574 (Epid.
2199 3505 2261 3569 Ι,
2307 3525 2334 3558 2
2362 3543 2377 3568 ,
2415 3503 2523 3570 353

360 3595 503 3644 terea
517 3583 670 3648 litus;
694 3584 846 3637 nullo
864 3583 973 3638 sola
988 3584 1159 3638 insula
1179 3597 1321 3640 tecto
1345 3609 1396 3638 ιι.
1486 3586 1544 3637 Π
1559 3623 1574 3648 ,
1609 3605 1636 3638 2
1657 3623 1674 3649 ‚
1707 3583 1810 3648 553
1835 3586 1982 3638 Asin.
2003 3586 2060 3636 ΙΙ
2076 3624 2092 3650 ,
2119 3589 2151 3647 4
2175 3621 2191 3647 ,
2230 3581 2526 3654 53)⁴graeco

450 3682 546 3717 11.
570 3663 845 3727 Submota,
880 3681 913 3718 a
934 3664 1237 3718 subventum.
1486 3682 1656 3718 more.
1693 3664 1942 3738 Intellige
1982 3665 2068 3718 vel
2115 3683 2292 3727 causa,
2326 3663 2412 3716 vel
2463 3663 2534 3714 ad

450 3743 540 3797 13.
555 3745 770 3798 Eximes.
795 3744 1103 3814 Alloquitur
1128 3761 1289 3815 quam
1310 3762 1401 3799 au·
1489 3749 1768 3815 respectum.
1807 3745 1880 3799 N.

363 3819 468 3876 diit
507 3823 747 3877 nondum
778 3824 964 3877 visam.
1003 3823 1079 3876 Ut
1110 3823 1255 3876 illius
1290 3841 1402 3876 sce·
1574 3826 1666 3877 28.
1700 3823 1930 3890 Obcupas
1957 3823 2218 3895 praeloqui.
2267 3821 2534 3892 Obcupare

364 3921 447 3957 noe
470 3903 609 3956 actio
637 3904 981 3976 intelligatur,
1006 3901 1108 3956 sibi
1135 3901 1193 3955 in
1222 3915 1402 3956 mente
1488 3916 1570 3957 est
1590 3905 1888 3975 praevenire
1905 3915 1960 3957 et
1982 3915 2332 3956 antevertere.
2354 3901 2532 3958 Graec.

366 3981 535 4035 lector
577 3997 849 4054 proponat
896 3983 1167 4054 oportebit
1212 3983 1406 4036 amfra-
1491 3985 1709 4054 φθάνειν.
1739 3984 1822 4036 Ita
1849 3981 2262 4037 Phaedruffab.
2295 3982 2390 4036 lib.
2427 3984 2484 4034 ΙΙ
2513 4001 2527 4034 ε

368 4074 487 4121 otus
517 4062 575 4114 in
604 4063 759 4116 litore
793 4081 1039 4117 saxorum
1060 4101 1075 4128 ‚
1099 4081 1235 4134 quos
1266 4063 1407 4116 inter
1501 4089 1524 4110 ι
1542 4063 1813 4128 Quoniam
1837 4075 2127 4134 occuparat
2143 4063 2294 4124 alter,
2327 4081 2397 4116 ne
2418 4062 2535 4134 pri·
2615 4065 2618 4070 ’

370 4141 700 4196 muliercula
766 4141 1108 4215 perreptant,
1180 4143 1409 4214 rupibus
1496 4161 1620 4194 mus
1639 4143 1814 4195 forem
1840 4161 1854 4196 :
1885 4143 1968 4197 Ne
1992 4144 2136 4214 solus
2161 4155 2327 4205 esset,
2347 4141 2538 4197 studui

373 4235 717 4292 conspectum
737 4221 1205 4294 praecludentibus.
1228 4223 1299 4276 Ν.
1496 4221 1647 4292 quod
1673 4223 1938 4295 superfuit
1958 4250 2007 4280 υ.
2034 4225 2336 4280 Rursum.
