3067 5017
813 392 1154 461 ACTUS
1205 393 1338 478 IV,
1389 392 1731 462 SCENA
1781 395 1961 462 VII.
2328 395 2463 493 189

314 512 1063 591 HABECOntumeliam
1095 514 1147 581 si
1189 513 1402 601 diceS‚
1431 514 1680 585 audies,
1730 538 1932 583 BALL.
1956 518 2321 605 ‘Quotumo
2351 520 2459 590 die

314 628 412 691 Ex
447 625 730 719 Sicyone
765 623 900 691 huc
942 624 1357 717 pervenisti?
1397 649 1612 694 ΗΑΒΡ.
1652 622 1885 694 Altero
1920 626 2007 695 ad
2050 627 2420 699 meridiem.

314 760 513 803 Bam..
533 738 842 819 Strenue,
857 760 964 801 me
979 734 1224 819 hercle,
1243 734 1708 825 isti.Quamvis
1729 737 1965 830 pernix
1986 738 2095 806 hic
2114 752 2209 807 est
2228 738 2452 812 homo!

311 846 443 915 Ubi
496 870 722 914 suram
773 845 1133 939 adspiciaS‚
1187 846 1359 915 scias
1415 871 1609 939 posse
1672 870 1828 913 eum
1908 872 2143 941 gerere
2203 874 2455 919 crassas

597 953 952 1048 conpedes,
2402 984 2453 1023 ε.

311 1064 488 1155 Quid
522 1066 672 1133 ais?
711 1078 873 1133 tune
910 1064 1110 1132 etiam
1147 1064 1452 1132 cubitare
1496 1063 1735 1133 solitus
1769 1090 1839 1134 es
1888 1067 1957 1134 in
2000 1069 2191 1137 cunis
2228 1071 2450 1162 puer?

311 1201 452 1245 sm.
491 1174 774 1246 Scilicet.
819 1198 1018 1243 BALL.
1059 1175 1373 1245 Etiamne
1409 1174 1629 1244 facere
1665 1175 1900 1244 solitus
1936 1178 2043 1245 es?
2084 1179 2245 1246 scin’
2283 1179 2449 1273 quid

595 1284 884 1379 loquar?

309 1421 448 1485 sm.
485 1394 756 1465 Scilicet
783 1394 1054 1463 solitum
1083 1419 1242 1463 esse.
1273 1418 1494 1481 HARP.
1525 1394 1773 1464 Sanine
1800 1382 2001 1463 estis?
2030 1418 2228 1464 mu..
2260 1396 2451 1486 Quid

591 1506 758 1588 hoc,
793 1502 976 1597 quod
1019 1519 1082 1572 te
1120 1502 1331 1599 rogo?

308 1620 523 1689 Noctu
559 1618 627 1684 in
671 1616 964 1710 vigiliam
1003 1616 1273 1709 quando
1314 1616 1456 1683 ibat
1482 1614 1706 1701 mileS‚
1742 1631 1889 1684 tum
1920 1630 1994 1685 tu
2030 1616 2171 1685 ibas
2198 1616 2449 1687 simul?

310 1728 852 1797 Conveniebatne
889 1728 959 1794 in
999 1728 1307 1820 vaginam
1348 1741 1530 1795 tuam
1571 1726 1896 1794 machaera
1939 1725 2219 1795 militis?
2394 1750 2449 1789 ss

307 1862 516 1911 HARP.
557 1843 590 1908 I
636 1840 704 1906 in
750 1836 998 1906 malam
1040 1862 1328 1906 crucem.
1376 1863 1579 1910 BALL.
1629 1840 1735 1906 Ire
1776 1836 2007 1905 licebit
2049 1838 2173 1906 tibi
2218 1850 2443 1907 tamen

589 1947 790 2016 hodie
833 1948 1144 2041 tempori.

307 2083 510 2131 RARP.
549 2060 738 2148 Quin
775 2074 850 2127 tu
881 2057 1232 2127 mulierem
1271 2056 1436 2125 mihi
1475 2057 1756 2143 emittiS,
1795 2072 1911 2126 aut
1940 2056 2441 2153 reddisargen-

587 2167 787 2237 tum?
823 2193 1020 2238 ΒΑΗ..
1065 2171 1293 2236 Mane.
2054 2240 2057 2245 ,

307 2302 510 2351 HARP.
556 2279 780 2370 Quid,
831 2270 1188 2347 maneam?
1229 2302 1426 2347 mu..
1473 2276 1913 2371 Chlamydem
1953 2278 2128 2347 hane
2162 2303 2440 2349 comne-

585 2414 806 2459 mores
850 2390 1088 2483 quanti
1125 2386 1579 2458 conducta'st.
1624 2412 1839 2457 HARP.
1877 2379 2067 2477 Quid
2103 2389 2249 2459 est?

376 2584 464 2652 78.
483 2583 660 2635 Altero
687 2582 758 2633 ad
785 2582 1043 2633 meridiem.
1067 2583 1194 2637 Uno
1221 2580 1312 2635 die

298 2660 496 2732 integro
525 2674 576 2713 et
605 2659 851 2716 dimidio.
938 2704 947 2709 -
1270 2721 1276 2725 Ι

375 2759 460 2811 79.
493 2743 743 2811 Quamvis.
767 2741 851 2795 cf.
877 2740 1197 2794 Menaechm.
1221 2742 1278 2793 11
1295 2779 1310 2805 ‚

301 2840 326 2873 2
341 2858 356 2885 ,
380 2822 472 2884 43.

371 2902 462 2954 81.
506 2900 569 2951 In
603 2902 738 2951 cum‘s
765 2920 904 2971 puer.
948 2900 1074 2953 Haeo
1109 2900 1308 2969 partim

295 2980 422 3033 male
450 2980 757 3049 corrigunt,
797 2980 993 3051 partim
1031 2999 1142 3031 non
1175 2980 1312 3031 bene

290 3058 591 3130 intelligunt
635 3058 781 3112 docti
822 3058 924 3111 viri
959 3078 973 3111 ε
1017 3077 1117 3111 nec
1165 3058 1311 3111 enim

290 3139 644 3193 obscoenitatis
671 3138 989 3209 significatio
1014 3138 1070 3191 in
1098 3157 1163 3189 eo
1201 3150 1308 3201 est,

289 3218 429 3289 quod
459 3240 598 3271 cume
629 3219 946 3271 vocabulum
994 3216 1198 3270 alludat
1240 3216 1308 3270 ad

287 3316 396 3351 eam
428 3318 616 3351 vocem
640 3318 760 3369 quae
790 3299 1012 3351 honeste
1041 3298 1310 3349 nominari

285 3397 390 3431 non
421 3391 620 3449 potest,
645 3398 748 3448 qua
781 3379 994 3431 feminae
1030 3391 1188 3443 sunt;
1211 3374 1308 3429 sed

286 3456 348 3510 ad
391 3458 559 3511 solam
605 3476 866 3510 cunarum
917 3458 1308 3510 motitationem

285 3538 498 3608 respicit
513 3538 776 3591 comicus:
808 3550 970 3589 «tune
985 3539 1146 3589 etiam
1166 3538 1314 3591 cubi·

285 3630 388 3669 tare
411 3618 598 3670 solitus
620 3636 676 3669 es
708 3618 763 3669 in
791 3618 942 3670 cunis
970 3636 1106 3685 puer
1127 3622 1150 3667 Ρ
1187 3642 1209 3663 1·
1251 3615 1308 3668 id

285 3708 383 3761 est,
433 3723 455 3745 α
484 3710 613 3750 tune
657 3698 819 3750 etiam
863 3698 1070 3749 moveri
1123 3696 1308 3749 solitus

284 3768 370 3827 es?
396 3801 418 3823 n
455 3778 560 3828 hoc
589 3790 698 3843 est,
725 3778 976 3829 κινεῖσθαι·
1013 3794 1120 3847 quo
1151 3795 1308 3829 sensu

285 3858 420 3908 κινεῖν
468 3856 640 3909 Graeci
691 3856 982 3927 accipiant,
1033 3856 1172 3908 solos
1218 3874 1308 3909 eos

286 3933 436 3999 latet,
467 3936 557 4007 qui
584 3954 757 4007 graeca
780 3936 862 3988 vel
893 3935 1221 4005 primoribus
1242 3937 1310 3987 la·
1358 3989 1364 3993 ,

288 4012 391 4066 bris
407 4014 649 4068 nondum
673 4016 979 4087 attigerunt.
1001 4015 1175 4069 Samn-

367 4094 450 4147 82.
471 4097 702 4149 Etiamne
710 4096 884 4161 facere
903 4096 1074 4147 solitus
1094 4090 1184 4147 es?
1203 4096 1316 4147 Ma·

291 4169 488 4226 luissem
514 4194 528 4229 τ
563 4174 832 4230 «Βθὶῐίθθῑ.
867 4192 1025 4227 ΒΑΜ..
1067 4175 1313 4227 Etiamne

1401 2579 1591 2632 solitus
1610 2597 1665 2631 es
1683 2578 1999 2649 puer?scin’
2014 2579 2145 2651 quid
2161 2580 2357 2651 loquar
2369 2586 2393 2633 Ρ
2412 2608 2437 2631 ι

1378 2707 1389 2715 ,,
1401 2678 1577 2730 neque
1599 2658 1741 2711 enim
1762 2660 1915 2728 pueri
1938 2660 2197 2712 meritorii
2219 2662 2441 2729 faciunt,

1399 2736 1495 2791 sed
1529 2738 1841 2809 patiuntur:
1874 2739 2227 2811 ignorantque
2259 2742 2341 2794 vis
2372 2741 2441 2794 il-

1403 2818 1505 2870 lius
1531 2818 1720 2869 solitus.
1746 2819 1831 2870 Ab
1866 2818 2053 2872 eadem
2088 2832 2293 2883 mente,
2320 2840 2436 2873 eon-

1399 2888 1583 2950 suetum
1600 2918 1797 2966 puerum
1814 2933 1829 2957 ‚
1854 2917 2068 2969 quoque
2090 2912 2244 2953 vocat
2269 2900 2439 2955 Plaut.

1403 2978 1551 3030 Asin.
1573 2978 1681 3041 111,
1711 2979 1741 3030 3
1759 3017 1773 3042 ,
1811 2994 1833 3028 1
1852 2998 1871 3031 1
1888 2980 1937 3043 3,
1962 2991 2015 3031 et
2047 2978 2262 3031 Lucret.
2292 3000 2435 3033 canes

1399 3068 1645 3109 consuetos
1663 3096 1679 3121 ,
1712 3057 1953 3111 absolute
1971 3096 1985 3121 ,
2033 3057 2147 3110 sine
2178 3070 2438 3129 praeterea

1399 3136 1601 3202 verb03
1626 3138 1871 3207 exemplo
1893 3135 2100 3195 eodem,
2124 3156 2279 3191 sensu
2304 3140 2433 3191 alio:

1401 3238 1423 3259 α
1441 3222 1508 3269 At
1529 3229 1777 3269 consueta
1802 3215 1951 3268 domi
1971 3217 2271 3271 catulorum
2292 3218 2443 3271 blan·

1401 3292 1468 3349 da
1495 3314 1735 3368 propago
1752 3336 1767 3361 ‚
1796 3309 1895 3348 etc.
1922 3322 1944 3343 a·
1983 3296 2165 3349 Gan-r.

1483 3374 1576 3430 83.
1604 3375 1815 3427 Scilicet.
1840 3376 1993 3428 Asin.
2020 3377 2122 3439 IV,
2155 3395 2203 3439 1,
2238 3381 2330 3439 42.
2354 3406 2436 3417 —-

1404 3456 1545 3524 Quid
1574 3456 1663 3506 hoc
1696 3468 1741 3507 te
1772 3462 1933 3523 rogo?
1959 3454 2076 3509 Hoc
2108 3474 2322 3526 quoque
2348 3474 2439 3508 ro-

1398 3536 1545 3605 ganti
1574 3534 1859 3603 responde.
2266 3586 2276 3599 s

1482 3617 1577 3667 85.
1602 3613 2154 3679 Conveniebame.Cato
2182 3632 2297 3683 cap.
2324 3632 2388 3667 21
2414 3634 2430 3667 :

1407 3720 1429 3742 α
1453 3694 1532 3747 Eo
1566 3695 1794 3747 fistulam
1827 3696 2051 3745 ferream
2086 3690 2291 3756 indito,
2316 3712 2437 3765 quae

1397 3774 1453 3827 in
1485 3774 2142 3827 columellam'oonveniat
2175 3785 2227 3825 et
2257 3772 2313 3825 in
2340 3793 2437 3827 cu·

1399 3872 1523 3924 pam
1557 3880 1607 3908 ι.
1653 3854 1865 3912 Kaukab:
1885 3891 1899 3913 ‚
1944 3855 2152 3921 vagina.
2200 3852 2269 3903 Et
2315 3872 2440 3906 sane

1399 3952 1519 4004 pars
1542 3935 1630 3987 illa
1659 3933 1716 3985 in
1744 3934 1927 3995 nobie,
1950 3950 2068 4001 quae
2094 3932 2316 3984 honeste
2342 3953 2442 3986 no-

1402 4014 1599 4065 minari
1631 4006 1744 4065 non
1776 4024 1981 4082 potest,
2004 4010 2133 4064 inde
2162 4010 2302 4065 dicta
2329 4026 2442 4067 est:

1402 4112 1511 4164 quo
1533 4092 1753 4145 Plautus
1776 4089 2015 4143 alludere
2030 4090 2261 4145 videtur.
2282 4092 2439 4145 Son..

1488 4176 1583 4227 86.
1617 4172 1847 4242 Temperi
1866 4212 1881 4234 ,
1914 4189 2061 4223 mox.
