3067 5017
1022 408 1644 537 EDITIONES.
2249 466 2395 539 613

333 612 390 652 s.
414 590 457 653 l.
502 603 571 652 et
598 610 658 651 a.
698 588 808 651 fol.
844 586 1111 652 Plautus
1144 610 1296 652 cum
1330 588 1740 656 correctione
1775 605 1838 653 et
1864 584 2397 679 interpretatione

232 693 616 776 Her-melai,
661 692 930 759 Merula!
955 741 974 775 ,
1018 694 1319 759 Politiani
1362 711 1427 759 et
1463 693 1760 759 Beroaldi
1795 742 1814 777 ‚
1861 711 1928 759 et
1971 718 2123 761 cum
2173 696 2396 761 multis

232 798 732 867 Additionibus.
774 836 863 850 —
910 800 1017 865 sic
1056 814 1158 865 est
1186 801 1254 865 in
1284 801 1479 865 catal.
1510 800 1674 864 Bibl.
1711 800 2098 866 Hemmonis
2129 803 2400 866 Arnoldi

233 908 601 972 Werumaei
642 905 810 995 1783
840 906 1195 995 Groningae
1222 905 1481 994 publice
1514 904 1866 971 divenditae
1908 930 1972 995 p.
2003 906 2080 971 31
2105 956 2122 989 ‚
2155 914 2220 973 n.
2244 909 2395 987 448.

233 1014 399 1079 Fuit
426 1034 697 1103 quoque
720 1013 789 1075 in
824 1010 985 1077 Bibl.
1034 1012 1379 1099 Hulsiana3
1430 1012 1606 1076 unde
1637 1008 1714 1076 cl.
1755 1012 2092 1101 Lengnich
2131 1014 2195 1076 in
2235 1014 2401 1102 Bey-

234 1128 485 1202 traegen
520 1138 639 1179 zur
664 1113 1023 1177 Kenntniss
1045 1162 1063 1191 ,
1090 1129 1215 1178 ete.
1242 1114 1342 1195 11,
1362 1137 1427 1201 p.
1453 1112 1664 1199 95-99
1684 1160 1703 1195 ,
1732 1128 1798 1176 et
1831 1136 1912 1176 ex
1942 1114 2106 1179 Bibl.
2135 1115 2405 1179 Hohen-

234 1217 415 1284 dors.
456 1220 525 1283 in
572 1218 1014 1285 Nachrlchten
1054 1242 1175 1285 zur
1217 1219 1474 1283 Bslcher
1508 1218 1653 1283 und
1685 1214 2111 1282 Msmzkunde
2167 1242 2231 1307 p.
2277 1221 2401 1306 189

232 1324 549 1406 ostendit,
576 1324 1037 1390 adnotamenta
1070 1325 1340 1389 Merulae
1366 1340 1432 1389 et
1449 1324 1778 1389 Plautinas
1804 1325 2222 1413 quaestiones,
2253 1348 2399 1413 quoe

232 1452 321 1493 an
360 1431 572 1495 lucem
592 1429 1263 1514 viderint‚dubitabat
1275 1430 1608 1495 Fabricius
1625 1479 1645 1513 ‚
1666 1432 1940 1494 omnino
1969 1430 2141 1495 edita
2168 1432 2392 1496 fuisse.

234 1534 621 1601 Hermolaus
662 1536 977 1601 Barbarus
995 1585 1012 1620 ‚
1046 1534 1285 1625 hospes
1317 1536 1579 1620 Romae,
1607 1536 1858 1601 obierat
1891 1536 2092 1621 1493,
2134 1538 2390 1603 Merula

232 1662 396 1704 vero
420 1656 485 1704 et
510 1640 869 1706 Politianus
894 1664 1069 1707 anno
1096 1657 1247 1730 post
1276 1642 1491 1707 vivere
1522 1640 1879 1723 desierunt,
1907 1666 2192 1731 quorum
2219 1645 2392 1709 curis

232 1771 389 1814 suas
420 1748 671 1815 addidit
704 1750 823 1817 Ph.
855 1750 1209 1816 Beroaldus
1235 1774 1341 1815 an.
1384 1749 1549 1816 1505
1582 1768 1905 1816 mortuuS.

332 1854 499 1923 1506
542 1856 769 1922 Brixiae
790 1906 809 1940 ,
872 1857 981 1921 fol.
1038 1856 1249 1921 Plauti
1291 1856 1664 1923 Comoediae.
1742 1860 1820 1925 In
1873 1856 2002 1922 fine
2049 1881 2066 1923 ε
2123 1859 2396 1922 «Lector

234 1962 526 2049 optime,
574 1964 737 2027 scito
791 1963 913 2027 has
960 1963 1329 2028 Comoedias
1376 1964 1606 2052 viginti
1637 1964 1998 2045 Plautinas,
2038 1986 2117 2027 ex
2151 1964 2393 2051 quibus

232 2065 508 2155 Pylades
540 2067 908 2132 Buccardus
941 2066 1390 2156 duodeviginti
1426 2068 1670 2133 sollerti
1710 2068 2040 2157 diligentia
2065 2071 2387 2151 correxit3

232 2188 433 2261 atque
464 2196 539 2238 ex
572 2175 649 2239 iis
691 2176 987 2264 quinque
1018 2174 1491 2264 elegantissime
1524 2175 1996 2263 interpretatus
2041 2193 2177 2240 est:
2209 2198 2245 2239 a
2289 2178 2392 2239 Ja-

232 2279 410 2342 cobo
439 2280 809 2345 Britannico
833 2280 1057 2344 Brixiae
1090 2281 1430 2368 impressas
1463 2280 1666 2343 fuisse
1703 2282 1889 2344 omni
1921 2281 2217 2345 adhibito
2250 2299 2392 2345 stu-

234 2382 370 2467 dio,
389 2408 473 2449 ne
496 2386 577 2449 ab
596 2386 953 2475 archetypo
972 2384 1318 2466 aberraret,
1334 2406 1413 2448 an
1422 2406 1511 2447 no
1535 2384 1759 2451 salutis
1777 2382 2002 2449 MDVI
2021 2418 2064 2454 ιο.
2087 2387 2391 2450 Plautum

236 2506 336 2554 ter
386 2492 561 2557 mille
610 2493 891 2581 amplius
922 2491 1253 2556 erroribus
1298 2514 1333 2555 a
1381 2490 1704 2554 Saraceno
1749 2505 1813 2555 et
1847 2491 1966 2555 Pio
2001 2510 2390 2581 corruptum

220 2594 535 2683 ‘queritur
566 2598 703 2687 ipse
733 2597 1027 2686 Pylades.
1058 2598 1299 2661 Tamen
1330 2596 1503 2659 hane
1536 2594 1891 2661 editionem
1926 2599 2390 2664 correctiorem

236 2704 475 2791 sprevit
526 2705 1034 2785 Taubmannus;
1100 2701 1216 2767 sed
1266 2701 1553 2767 laudavit
1591 2703 1858 2785 Quirini
1899 2704 1967 2766 in
2027 2704 2395 2789 Specimine

235 2807 463 2873 literat.
503 2810 848 2875 Brixiensis
886 2811 959 2876 P.
981 2812 1009 2876 1
1031 2859 1049 2895 ,
1082 2832 1147 2897 p.
1192 2832 1268 2871 21
1306 2828 1485 2897 seqq.
1522 2805 1672 2872 vid.
1709 2808 1966 2874 Goetzii
1999 2810 2197 2875 Mem.
2227 2811 2389 2875 Bibl.

237 2912 463 2981 Dresd.
502 2915 564 2996 Ι,
597 2937 659 3004 p.
695 2915 779 3001 93
817 2938 914 3004 sq.

542 3018 814 3107 Lipsiae,
860 3019 976 3085 fol.

328 3124 494 3189 1508
527 3125 973 3214 Argentorati‚
1008 3126 1227 3207 iti-12,
1252 3138 1527 3189 curante
1559 3120 1800 3187 Adolfo
1827 3123 2170 3215 Mulingo.
2191 3149 2389 3189 aemu-

238 3230 361 3294 lam
400 3229 557 3293 dicit
596 3230 835 3295 Pareus
870 3230 1024 3296 edit.
1062 3228 1359 3297 Scutarii.

322 3374 498 3389 —--—
494 3334 807 3425 Lipsiae,
852 3337 965 3401 fol.
1018 3328 1257 3418 Plauti,
1322 3334 1661 3398 clarissimi
1713 3334 1980 3411 comici,
2026 3338 2381 3405 Aulularia.
2469 3346 2474 3351 '

239 3440 461 3531 Liptzk
487 3466 604 3531 per
629 3444 1127 3507 Baccalaureum
1162 3440 1727 3529 Herbipolensem.
1758 3440 2010 3504 -Vid.
2040 3444 2176 3506 Cat.
2209 3443 2378 3507 Bibl.

240 3549 474 3615 Bunav.
511 3550 576 3631 Ι,
609 3572 675 3637 p.
716 3546 866 3613 265.

408 3653 650 3717 Eadem
677 3656 907 3743 legitur
938 3654 1032 3718 ibi
1053 3653 1121 3717 h.
1146 3675 1202 3719 a.
1232 3650 1554 3740 prodiisse
1587 3666 1854 3719 curante
1886 3651 2061 3715 Hier.
2094 3652 2378 3716 Buschio

240 3760 303 3823 in
330 3760 521 3823 Catal.
549 3760 709 3825 Bibl.
737 3760 1067 3847 Ludewig.
1096 3759 1166 3823 P.
1184 3759 1294 3830 lv,
1320 3781 1382 3845 p.
1412 3754 1581 3820 1300
1600 3806 1617 3835 ,
1645 3781 1713 3822 n.
1743 3755 1976 3842 10931.

322 3886 371 3930 s.
412 3868 454 3931 l.
504 3884 569 3933 et
602 3890 659 3931 a.
694 3867 905 3945 Plauti
935 3864 1373 3952 Menechemi.
1413 3861 1513 3929 Cf.
1551 3862 1712 3931 ibid.

332 3972 495 4039 1510
540 3974 901 4039 Parmensis
928 4022 947 4056 ,
1004 3972 1117 4036 fol.
1166 3972 1259 4037 Μ.
1308 3974 1464 4037 Acci
1519 3972 1734 4037 Plauti
1783 3970 1992 4037 Asinii
2033 3968 2380 4033 Comoediae

244 4082 461 4170 viginti
503 4103 715 4170 nuper
759 4078 1153 4157 emendatae,
1198 4095 1265 4145 et
1310 4080 1377 4142 in
1430 4102 1539 4143 eas
1576 4077 1834 4166 Pyladae
1874 4072 2150 4141 Brixiani
2191 4077 2382 4140 lucu·

245 4188 577 4253 brationes.
616 4186 880 4251 Thadaei
930 4185 1188 4274 Ugoleti
1240 4202 1305 4250 et
1358 4177 1664 4273 Grapaldi
1709 4184 2004 4248 virorum
2039 4183 2380 4247 illustrium
