3067 5017
597 437 696 535 96
1369 433 1972 520 POENULUS‚

589 555 1090 655 Propemodum
1131 557 1263 624 hoc
1299 579 1633 648 opsonare
1675 555 2039 648 prandium
2078 571 2321 650 potero
2358 560 2551 630 mihi.

593 674 728 744 Sed
766 671 932 767 quid
968 671 1100 738 hoc
1133 669 1285 738 est?
1321 666 1488 760 quid
1521 666 1702 735 hoc?
1736 665 1903 760 quid
1940 665 2071 736 hoc
2115 665 2253 750 est?
2288 670 2457 762 quid
2492 697 2621 766 ego
2658 674 2757 742 vi-

889 783 1014 850 deo
1038 781 1067 848 ἓ
1107 776 1499 874 quomodo?

592 895 782 984 Quid
806 895 938 961 hoc
956 906 1056 959 est
1078 885 1737 981 conduplicationis?
1761 910 1911 979 quae
1932 886 2074 956 haec
2090 903 2192 958 est
2208 891 2749 985 congeminatio?

591 1007 767 1097 Quis
789 1005 900 1072 hic
923 997 1382 1070 homo'stcum
1402 997 1649 1065 tunicis
1678 994 1919 1090 longis,
1936 999 2125 1091 quasi
2148 1025 2320 1093 puer
2339 1005 2755 1096 cauponius?

591 1111 800 1184 satin’
815 1134 944 1204 ego
957 1107 1169 1178 oculis
1189 1106 1436 1176 cerno?
1459 1121 1647 1174 estne
1666 1104 1835 1174 illaec
1849 1133 1995 1176 mea
2014 1111 2229 1180 amica
2245 1113 2711 1184 Anterastilis?

587 1227 676 1292 Et
704 1248 781 1291 ea
803 1220 1077 1290 certo’st
1107 1245 1123 1286 :
1147 1217 1553 1311 jampridem
1584 1243 1712 1310 ego
1744 1243 1851 1286 me
1881 1220 2059 1286 sensi
2092 1220 2287 1288 nihili
2318 1223 2624 1316 pendier.
2698 1259 2747 1286 τι

583 1337 744 1406 Non
779 1332 988 1427 pudet
1026 1328 1320 1424 puellam
1357 1325 1725 1422 amplexari
1760 1327 2087 1398 baliolum
2132 1330 2201 1398 in
2240 1333 2463 1402 media
2500 1336 2653 1406 via?

581 1448 622 1513 J
624 1469 730 1512 am
744 1498 764 1531 ,
786 1440 1030 1527 hercle,
1048 1466 1175 1534 ego
1192 1438 1380 1507 illum
1401 1439 1927 1508 excruciandum
1956 1455 2175 1510 totum
2192 1443 2519 1516 carnufici
2546 1447 2745 1525 dabo.

581 1559 758 1624 Sane
785 1577 998 1646 genus
1020 1552 1151 1620 hoc
1179 1548 1663 1620 muliebrosum
1684 1548 1769 1618 'st
1802 1550 2049 1620 tunicis
2084 1551 2489 1634 demissitiis.

581 1665 718 1736 Sed
753 1665 939 1732 adire
970 1659 1330 1730 certum’st
1363 1661 1539 1730 hanc
1582 1660 1669 1728 ad
1710 1663 2101 1732 amatricem
2136 1661 2457 1736 Africam.
2694 1684 2745 1724 ²⁵

579 1781 768 1844 Heus
812 1790 885 1843 tu
910 1828 929 1860 ‚
970 1774 1092 1841 tibi
1131 1772 1308 1852 dico,
1342 1769 1611 1857 mulier,
1651 1771 1891 1864 ecquid
1938 1786 2005 1840 te
2042 1772 2306 1866 pudet?

581 1905 656 1958 (ad
685 1902 962 1956 nunonem.)
981 1882 1170 1971 Quid
1199 1882 1318 1950 tibi
1348 1882 1831 1976 negotiantem
1860 1898 1961 1952 est
1985 1907 2141 1952 cum
2166 1884 2362 1971 istac,
2392 1885 2501 1953 dic
2528 1886 2745 1956 mihi?

579 2019 755 2066 nnc.
793 1993 1236 2079 Adulescens,
1273 1991 1471 2061 salve.
1513 2017 1734 2062 ANTE.
1765 1992 1984 2080 Nolo;
2022 1993 2191 2064 nihil
2232 1996 2317 2064 ad
2357 2010 2423 2064 te
2461 1997 2741 2068 adtinet.

581 2107 770 2196 Quid
803 2107 924 2175 tibi
957 2105 1134 2174 hanc
1161 2102 1756 2198 digito‘tactio’st?
1784 2127 1957 2172 ΗΑΝ.
1992 2104 2175 2192 Quia
2208 2107 2377 2174 mihi
2406 2106 2614 2175 lubet.

578 2241 802 2288 ΛΜἮ.
843 2216 1113 2286 Lubet?
1147 2239 1322 2286 BAN.
1361 2218 1468 2282 Ita
1499 2214 1686 2283 dico.
1727 2237 1951 2284 ANTE.
1985 2213 2267 2308 Ligula,
2313 2216 2337 2284 i
2382 2217 2455 2284 in
2490 2216 2741 2286 malam

871 2350 1164 2394 crucem.
2685 2351 2740 2389 ³«.

571 2441 768 2506 Tune
803 2437 915 2504 hic
947 2452 1208 2504 amator
1236 2435 1441 2503 audes
1469 2460 1643 2521 esse,
1681 2433 1905 2504 hallex
1940 2431 2108 2502 viri?

568 2551 704 2616 Aut
742 2561 1196 2633 contrectare,
1238 2545 1423 2638 quod
1467 2570 1684 2614 mares
1730 2547 2041 2614 homines
2078 2547 2352 2616 amant?

565 2657 908 2754 Deglupta
944 2683 1196 2744 maena,
1234 2657 1543 2751 Sarrapis
1582 2659 2017 2750 sementiam,

1780 2814 1873 2863 ²9.
1895 2794 2047 2844 Hanc
2065 2829 2123 2845 ...
2146 2791 2389 2846 tactio’st.
2415 2794 2505 2848 Cf.
2524 2796 2729 2867 Amph.

1691 2875 1754 2940 1,
1800 2876 1861 2938 3,
1916 2892 2010 2926 αι.

657 2811 680 2844 1
695 2797 751 2846 6.
782 2793 1134 2863 Propemodum
1165 2793 1270 2844 Ιιοσ.
1297 2799 1561 2854 Δεικτυιῶς
1576 2833 1593 2857 ,

563 2891 659 2938 eo,
680 2871 829 2943 quod
853 2874 994 2926 imus
1023 2892 1142 2924 sum
1171 2873 1392 2924 furatus.
1409 2873 1593 2926 [ΑΕΒ.

649 2973 742 3005 22.
789 2954 1053 3006 Baliolum.
1105 2953 1400 3004 Hominem
1459 2952 1597 3006 fusci

559 3034 791 3097 coloris,
823 3033 1145 3084 diminutive
1173 3051 1202 3083 a
1230 3032 1421 3084 badius.

647 3120 737 3174 24.
773 3115 972 3165 Tunicis
1004 3114 1298 3166 demissitia's.
1329 3113 1488 3172 Laxae
1514 3125 1595 3164 to·

557 3213 640 3264 gae
688 3205 742 3246 et
793 3193 863 3245 ad
905 3194 1042 3245 talos
1087 3181 1326 3245 demissa}
1367 3193 1593 3258 tunica,

559 3293 682 3345 quae
726 3273 995 3326 Africanis
1041 3275 1243 3324 usitaiae
1264 3312 1280 3336 ‚
1335 3273 1594 3324 Romanis

559 3355 766 3423 probro
790 3366 968 3418 erant,
991 3365 1044 3404 et
1064 3365 1378 3424 argumenta
1411 3351 1593 3404 lihidi-

551 3435 678 3487 nosi
701 3447 752 3486 et
783 3432 958 3485 mollis
984 3433 1167 3484 animi.
1184 3435 1296 3486 Cic.
1317 3434 1591 3484 Invectiva

559 3533 626 3566 2:
666 3540 688 3562 ι
712 3515 862 3578 Quos
897 3531 1038 3582 pexo
1072 3513 1268 3584 capillo
1299 3511 1500 3564 nitidos
1531 3526 1584 3565 et

553 3593 824 3646 imberbes
840 3633 856 3657 ,
885 3605 976 3645 aut
996 3593 1136 3644 bene
1159 3594 1406 3644 barbatos
1431 3591 1582 3644 vide-

551 3675 647 3730 tis,
680 3673 957 3725 manicatis
981 3691 1046 3724 ac
1069 3673 1326 3725 talaribus
1355 3672 1578 3736 tunicis,

546 3753 680 3806 'velis
703 3752 924 3805 amictos
941 3793 958 3818 ,
1003 3772 1113 3804 nou
1144 3752 1280 3822 togis
1305 3777 1352 3802 n.
1385 3749 1591 3805 Horat(

543 3833 658 3886 Sat.
691 3835 750 3896 I,
796 3851 856 3884 2:
888 3859 912 3880 α
941 3833 1236 3885 malthinus
1269 3832 1466 3884 tunicis
1486 3830 1579 3884 de-

549 3914 728 3966 missis
751 3913 989 3964 ambulat
1014 3937 1063 3964 n.
1091 3915 1266 3964 Varro
1288 3933 1300 3963 ε
1343 3939 1364 3958 ι
1385 3912 1572 3975 Quum

533 3994 700 4046 etiam
719 3993 884 4046 Thais
909 3992 1195 4044 Menandri
1221 3991 1458 4043 tunicam
1477 3991 1572 4043 de-

537 4073 751 4126 missam
780 4073 968 4124 habeat
989 4071 1056 4123 ad
1087 4073 1220 4124 talos
1247 4097 1295 4122 n.
1325 4072 1512 4124 Gnolv.

621 4157 722 4224 28..
736 4153 886 4207 Nihil
901 4153 974 4204 ad
988 4165 1037 4204 te
1057 4153 1263 4204 adtinet.
1296 4153 1426 4206 Haec
1457 4171 1571 4205 non

536 4245 627 4288 tua
654 4245 752 4287 es!-

1774 2953 1869 3006 30.
1899 2953 2097 3020 Ligula.
2128 2952 2243 3004 Pro
2284 2954 2445 3021 ligula
2486 2954 2579 3012 hic
2614 2975 2729 3010 non

1690 3046 1867 3111 potes}
1894 3033 2081 3102 reponi
2116 3034 2352 3102 ligulam.
2388 3034 2525 3087 Nam
2549 3034 2623 3090 ad
2643 3037 2727 3090 vi·

1688 3131 1813 3165 rum
1864 3131 2041 3165 sermo
2084 3125 2181 3165 est.
2232 3115 2491 3166 Praeterea
2533 3134 2722 3170 versus

1688 3211 1801 3244 non
1833 3193 1955 3245 fert.
1984 3194 2215 3262 Ligulam
2240 3213 2397 3248 voees
2438 3193 2509 3246 de
2549 3215 2722 3266 parvo

1689 3273 2085 3336 homuncione,
2137 3273 2231 3344 qui
2272 3287 2327 3326 et
2372 3275 2431 3326 in
2476 3276 2721 3346 sequenti

1688 3371 1845 3404 versu
1859 3393 1875 3417 ,
1918 3353 2081 3404 hallex
2130 3357 2233 3404 viri
2278 3353 2481 3406 dicitnr
2496 3395 2513 3420 ,
2565 3357 2718 3426 quasi

1687 3433 1873 3502 pollex
1889 3434 2020 3498 viri,
2054 3435 2147 3504 qui
2170 3453 2283 3486 non
2306 3433 2560 3504 grandior
2582 3448 2719 3490 esset

1685 3513 1901 3582 pollice.
1947 3513 2057 3578 Qui
2103 3515 2217 3565 alex
2256 3514 2471 3584 legunt,
2517 3529 2571 3570 et
2608 3536 2712 3586 pro

1677 3593 1841 3644 halece
1885 3594 2159 3663 accipiunt
2206 3593 2318 3647 sive
2365 3595 2567 3660 muria,
2616 3597 2716 3648 fal·

1676 3672 1885 3726 luatur.
1930 3674 2096 3724 Halec
2136 3674 2283 3726 enim
2326 3688 2554 3728 vocatur
2600 3695 2714 3730 non

1678 3755 1861 3805 hallex.
1904 3753 2087 3804 Hellas
2122 3767 2300 3806 autem
2334 3768 2389 3806 et
2426 3755 2594 3806 hallex
2628 3769 2709 3809 est

1674 3834 1855 3904 pollex
1898 3833 2054 3902 pedis
2106 3833 2327 3903 antiqua
2381 3834 2575 3906 lingua
2618 3855 2709 3890 ro·

1672 3931 1847 3966 mana.
1873 3914 2045 3966 ὅμως.

1754 3993 1849 4047 33.
1898 3995 2150 4064 Deglupta
2183 4013 2360 4046 moena.
2387 3993 2523 4046 MSS
2545 4014 2701 4050 nem.

1670 4071 1857 4125 Scribe
1901 4093 2074 4125 mama.
2128 4074 2293 4125 Piscis
2332 4086 2412 4126 est
2441 4074 2591 4137 vilis,
2643 4088 2705 4126 ut

1668 4154 1903 4222 anguilla
1925 4191 1941 4216 ‚
1992 4152 2210 4222 deglubi
2248 4153 2473 4216 solitus«,
2532 4171 2701 4225 quum

1668 4245 1951 4302 pararetur
1976 4232 2047 4286 ad
2072 4234 2271 4286 cibum.
2308 4235 2389 4288 De
2428 4253 2539 4305 quo
2574 4232 2699 4290 vide
