3067 5017
334 583 1535 611 mmmmm
1539 586 2430 611 mmmm
2437 588 2502 611 W

760 823 2106 934 ARGUMENTUM·

1031 1055 1123 1115 (υι-
1158 1068 1489 1113 Quinum
1524 1058 1800 1118 una-rou)

876 1167 1985 1370 PRISCIANI.

556 1703 1054 1839 Tflnsmnuu
1090 1766 1475 1841 abstrusum
1508 1766 1744 1839 abiens
1779 1791 2060 1863 peregre
2099 1767 2491 1841 Charmides
2568 1770 2572 1774 ’

482 1946 487 1951 -
540 1874 860 1983 Remque
894 1914 1167 1961 omnem
1202 1892 1420 1963 amico
1457 1889 1722 1963 Callicli
1755 1889 2035 1965 mandat
2073 1916 2218 1963 suo.

538 2021 739 2087 Istoc
778 2015 1086 2104 absente,
1130 2014 1305 2087 male
1350 2042 1495 2089 rem
1539 2017 1766 2112 perdit
1801 2016 2020 2105 fllius;

540 2144 737 2213 Nam
774 2154 847 2211 et
880 2140 1078 2211 aedcis
1114 2140 1377 2213 vendit:
1414 2141 1538 2213 has
1573 2156 1914 2213 mercatur
1948 2138 2280 2215 Callicles.

547 2263 767 2359 Virgo
800 2263 1105 2337 indotata
1140 2289 1334 2335 soror
1370 2264 1562 2337 istius
1595 2266 1940 2359 poscitum
2474 2291 2502 2328 ⁶

542 2389 630 2457 M
638 2388 789 2457 inus
830 2411 969 2481 quo
1012 2412 1168 2459 cum
1212 2388 1463 2461 invidia
1506 2388 1574 2459 ei
1607 2387 1722 2461 det
1763 2386 1994 2459 dotem
2029 2384 2340 2461 Callicles
2363 2440 2384 2475 ‚

541 2508 845 2583 Mandat
884 2509 999 2604 qui
1036 2509 1217 2581 dicat
1251 2534 1494 2581 aurum
1539 2508 1714 2581 ferre
1751 2534 1821 2581 se
1855 2533 1896 2581 a
1934 2523 2141 2603 patre.

555 2636 626 2728 U
630 2646 661 2703 t
701 2632 887 2703 veuit
916 2632 1005 2705 ad
1038 2632 1278 2720 aedeis,
1321 2633 1505 2707 huno
1545 2629 1804 2705 deludit
1834 2631 2228 2705 Charmides

545 2759 807 2845 Senex,
838 2773 917 2829 ut
958 2758 1191 2848 rediit3
1228 2758 1473 2857 quojus
1507 2752 2030 2833 nubunt'liberi.

437 2984 487 3018 2.
539 2964 749 3039 Remqqe
813 2984 995 3019 omnem
1062 2964 1378 3019 familiarem
1463 2964 1824 3037 grammatici,
1853 2964 2179 3037 quicumque
2207 2963 2322 3017 haec
2347 2982 2499 3019 acro-

348 3062 609 3100 enum-
628 3046 845 3099 Mandat
866 3044 1174 3100 curandam.
1463 3044 1637 3100 sticha
1671 3044 1861 3097 Plauto
1896 3062 2206 3116 supponere
2243 3044 2497 3097 voluerit.

434 3125 491 3180 3.
512 3126 645 3181 Istoc
660 3166 679 3193 ‚
709 3125 1002 3182 Charmide
1024 3138 1197 3197 patre.
1465 3157 1545 3169 —-
1564 3124 1782 3179 Mandat
1802 3125 2199 3197 sycophantam.
2270 3154 2276 3165 ι

435 3208 469 3259 6
486 3243 503 3271 ,
532 3224 588 3276 7.
620 3204 788 3259 Minus
879 3206 1109 3259 Mandat.
1128 3206 1255 3258 Duo
1282 3204 1376 3275 qui
1551 3206 1606 3259 8.
1629 3206 1780 3257 Venit
1802 3200 2149 3276 sycophanta.

272 3345 277 3349 ⁴
352 3281 507 3337 litera
533 3304 579 3337 m
600 3286 845 3340 continui
870 3286 1167 3356 incipiunt,
1192 3302 1380 3338 recen-
1550 3302 1605 3352 9.
1627 3284 1864 3349 Nubant,
1893 3284 2090 3356 partim
2111 3282 2496 3337 inconvenien-

353 3362 545 3417 tiorem
579 3364 823 3419 Plautina
861 3365 1295 3437 orthographiam
1326 3382 1379 3419 v.
1466 3374 1550 3417 ter
1571 3363 1806 3433 dictum,
1835 3382 2032 3439 nempe
2059 3362 2128 3419 de
2160 3362 2498 3421 adolescente

363 3442 619 3499 Trinumus
700 3444 995 3518 adfingunt.
1094 3438 1383 3516 Ᾱμοὶρτημα.
1464 3442 1783 3499 Lesbonico.
