3067 5017
641 463 783 546 244

1483 439 1941 520 RUDENS‚

632 607 823 656 DAEM.
850 575 1040 669 Quid
1066 575 1239 642 istuc
1266 583 1365 639 est
1392 565 1668 662 negoti?
1701 582 1961 648 Tuscu.
1988 561 2120 628 Per
2145 581 2272 652 ego
2304 573 2370 626 te
2395 557 2538 626 haec
2566 581 2788 650 genua

925 687 1247 770 obtestor,
1288 702 1493 748 senex
1516 729 1535 761 ‚

631 802 955 897 Quisquis
982 823 1071 866 es.
1104 817 1295 864 DAEM.
1328 789 1517 878 Quin
1548 801 1622 854 tu
1651 807 1814 878 ergo
1844 781 2080 850 omitte
2109 805 2326 874 genua
2346 832 2365 867 ‚
2389 795 2456 848 et
2483 779 2646 872 quid
2675 781 2787 866 sit,

924 907 1090 976 mihi
1126 900 1362 995 expedi
1385 953 1405 986 ‚

631 1023 815 1115 Quid
833 1013 1231 1090 tumultues?
1243 1031 1508 1080 Tuaen.
1524 1009 1753 1098 Teque
1771 1028 1892 1071 oro
1917 1016 1984 1070 et
2003 1023 2248 1109 quaem,
2263 1000 2317 1068 si
2340 991 2697 1094 sperastibi
2735 1020 2788 1058 ¹⁵

628 1141 779 1205 Hoc
806 1154 984 1200 anno
1020 1122 1311 1195 multum
1347 1119 1654 1188 futurum
1683 1115 1860 1206 sirpe
1889 1127 1956 1180 et
1993 1110 2442 1204 laserpitium,

628 1249 931 1335 Eamque
956 1250 1347 1306 eventuram
1375 1250 1743 1321 exagogam
1762 1227 2062 1318 Capuam
2081 1220 2331 1290 salvam
2355 1237 2422 1290 et
2445 1223 2792 1316 sospitem,

628 1358 850 1446 Atque
884 1347 968 1417 ab
999 1335 1410 1439 lippitudine
1438 1361 1650 1430 usque
1684 1335 1946 1402 siccitas
1973 1347 2050 1400 ut
2079 1335 2164 1400 sit
2201 1332 2346 1400 tibi.

553 1502 559 1508 ,
630 1486 828 1535 DAEM.
874 1453 1123 1528 Sanun’
1156 1453 1269 1521 es?
1328 1469 1589 1518 TRACH.
1653 1448 1786 1514 Seu
1827 1443 1950 1510 tibi
1997 1441 2280 1511 confidis
2323 1441 2470 1510 fore
2505 1441 2789 1511 multam
2831 1524 2835 1528 ᾖ

935 1563 1360 1659 magudarim
1384 1613 1403 1646 ,

630 1689 729 1756 Ut
752 1699 818 1752 te
844 1702 929 1748 ne
954 1678 1179 1772 pigeat
1206 1673 1362 1740 dare
1387 1692 1663 1762 operam
1691 1664 1858 1732 mihi
1876 1661 2095 1757 ‚quod
2122 1677 2187 1730 te
2217 1661 2458 1750 orabo,
2487 1688 2706 1732 senex.
2738 1697 2794 1724 ιο

635 1817 833 1867 DAEM.
891 1793 982 1859 At
1018 1809 1142 1880 ego
1184 1799 1267 1850 te.
1288 1805 1407 1874 per
1443 1801 1641 1846 crura
1687 1790 1754 1842 et
1795 1771 2004 1860 talos,
2056 1787 2454 1866 tergumque
2489 1769 2794 1838 obtestor

936 1913 1128 1982 tuum
1146 1947 1165 1978 ,

639 2017 712 2088 Si
747 2012 870 2082 tibi
912 2006 1202 2076 ulmeam
1240 2001 1515 2070 uberem
1544 2021 1682 2065 esse
1715 2019 1941 2089 speras
1971 1991 2469 2086 virgidemiam,

732 2248 753 2282 1
770 2231 823 2280 6.
853 2223 995 2292 Sir-pe
1016 2231 1063 2270 et
1084 2215 1394 2284 laserpitium.
1418 2209 1574 2280 Sirpe
1597 2221 1674 2260 est
1759 2203 1998 2259 radicem
2035 2189 2404 2274 appellarunt,
2441 2219 2630 2254 semen
2661 2220 2802 2256 vero

646 2312 827 2378 σίλφιον
848 2287 1101 2372 (basciu),
1116 2307 1169 2350 et
1186 2291 1535 2363 laserpitium,
1553 2306 1673 2340 suc·

651 2409 745 2444 cus
796 2385 971 2454 sirpis.
1023 2380 1357 2449 Cyrenenses
1414 2371 1678 2421 vocabant

649 2470 886 2542 plantam
915 2462 1079 2530 σὲρφι,
1108 2451 1255 2508 unde
1289 2449 1465 2504 Latini
1491 2465 1675 2518 serpe,

650 2549 780 2604 dein
826 2539 1154 2611 laserpitium
1194 2533 1345 2604 quasi
1392 2531 1473 2582 lac
1520 2527 1680 2597 serpi-

652 2629 815 2682 cium.
839 2625 916 2676 Ex
942 2637 1071 2672 voce
1092 2614 1384 2683 laserpitium
1410 2620 1678 2670 truncata,

651 2711 852 2763 factum
877 2703 1024 2763 laser,
1050 2693 1198 2767 quod
1223 2694 1339 2745 ὄτι-ὀν
1365 2686 1585 2759 proprie
1607 2687 1679 2738 si·-

653 2787 869 2860 gniflcat
896 2777 1125 2840 Latinis,
1158 2785 1338 2844 postea
1366 2770 1491 2820 laser
1516 2778 1570 2819 et
1602 2767 1678 2816 la-

653 2869 900 2939 serpitium
945 2877 1043 2928 pro
1082 2855 1195 2924 ipsa
1234 2853 1419 2930 planta*
1458 2864 1682 2916 usurpa-

653 2959 800 3002 runt.
836 2939 1077 2995 Plinius:
1124 2960 1145 2980 ι
1167 2930 1477 2984 auctoritate
1505 2925 1683 2977 claris-

655 3029 851 3082 simum
898 3013 1229 3086 laserpitium
1248 3050 1262 3074 ,
1316 3007 1463 3079 quod
1504 3005 1684 3058 Graeci

657 3108 839 3176 σίλφιον
864 3095 1139 3170 appellant
1157 3119 1200 3142 a.
1244 3090 1313 3143 Et
1348 3087 1686 3156 laserpitiseroe

662 3187 870 3257 cyrena
884 3175 1115 3230 Catullo.
1135 3173 1217 3224 Ita
1237 3182 1291 3222 et
1308 3170 1489 3237 σίλφιον
1510 3162 1685 3218 Graeci

655 3249 945 3336 aliqnando
986 3272 1087 3326 pro
1128 3269 1287 3304 succo
1331 3249 1449 3319 ipso
1494 3261 1690 3316 posue·

658 3357 815 3408 runt;
835 3337 981 3392 unde
1002 3329 1242 3402 σιλφιωτὰ
1264 3329 1415 3380 lasere
1430 3327 1690 3396 inspersa,

661 3443 783 3498 quae
803 3417 1004 3474 Latinis
1029 3415 1258 3464 luseram.
1288 3408 1457 3460 Sum,

752 3521 841 3573 17.
864 3499 1161 3564 Exagogam
1178 3528 1194 3553 ‚
1222 3487 1278 3542 id
1305 3500 1413 3551 est,
1438 3495 1684 3556 exporta-

664 3587 874 3639 tionem
922 3577 1033 3630 sive
1077 3569 1405 3624 evectionem
1445 3583 1597 3628 eam,
1633 3575 1690 3614 et

667 3683 754 3719 eas
781 3675 982 3714 merces
1016 3649 1243 3722 Cyrenis
1285 3658 1377 3698 aut
1415 3663 1478 3696 ex
1516 3643 1690 3714 Libya

666 3753 985 3813 exportatas,
997 3733 1163 3786 salvas
1172 3730 1407 3798 Capuam
1424 3736 1690 3776 venturas.

665 3825 853 3877 Lama.
885 3847 963 3862 --
991 3813 1095 3866 Hic
1128 3811 1312 3879 Capua
1335 3817 1550 3858 notatur
1573 3815 1692 3854 tan-

605 3896 613 3904 ’
666 3907 825 3976 quam
862 3900 994 3950 luxu
1036 3889 1314 3954 diffluens,
1356 3885 1452 3938 nbi
1494 3881 1696 3936 scilicet

666 3997 890 4052 magnus
934 3983 1332 4044 unguentorum
1381 3981 1524 4016 usus.
1571 3963 1695 4013 Jam

668 4057 957 4130 Campani,
994 4050 1209 4120 opinor,
1239 4045 1309 4100 ad
1338 4046 1526 4097 Poenos
1553 4040 1698 4094 defe-

682 4166 693 4180 ·
756 4151 861 4193 ant.

656 4163 841 4289 ter19.
882 4211 1211 4282 Magudan‘m.
1247 4207 1470 4258 Veteres
1512 4201 1694 4270 σίλφιον

1763 2280 2064 2356 μαγὺὃαριν.
2117 2283 2307 2335 Pollux
2329 2321 2346 2346 ,
2396 2283 2448 2336 τὸ
2500 2278 2560 2334 δὲ
2607 2283 2798 2351 σιλφίου

1766 2367 1968 2434 σπέρμα.
2017 2367 2242 2417 καλεῖται
2295 2357 2600 2433 μαγὺὃαρις.
2644 2361 2798 2414 Nihil

1765 2445 1962 2498 certius
1981 2461 2139 2514 quarn
2160 2443 2463 2512 magudarim
2481 2461 2581 2512 pro
2595 2442 2799 2494 semilae

1766 2523 2026 2595 laserpitii
2045 2523 2286 2574 hocloco
2307 2523 2452 2592 poni.
2475 2522 2528 2574 Si
2549 2523 2644 2574 tibi
2671 2539 2804 2574 con-

1767 2603 1890 2656 fidis
1909 2643 1923 2666 ,
1957 2602 2135 2674 inquit
2160 2601 2473 2662 Trachalio,
2509 2602 2625 2654 fore
2654 2601 2797 2653 mul·
2893 2655 2898 2663 ,

1769 2698 1883 2736 tum
1939 2681 2195 2752 laserpitii
2243 2693 2553 2734 sementem.
2613 2683 2799 2747 Quum

1767 2763 1912 2816 enim
1951 2759 2252 2832 magudaris
2287 2780 2468 2814 semen
2501 2761 2600 2826 sit,
2631 2775 2802 2832 prout

1768 2843 2000 2894 multum
2031 2855 2106 2894 est
2141 2854 2193 2894 et
2220 2840 2524 2904 abundans3
2553 2841 2625 2894 ita
2655 2843 2800 2894 bona

1767 2921 2025 2993 laserpitii
2079 2939 2289 2974 annona
2349 2919 2634 2991 laser-isque
2659 2960 2673 2984 ,
2743 2935 2804 2974 et

1773 3014 1988 3054 contra:
2019 3020 2141 3054 nam
2165 3019 2226 3053 ex
2246 3001 2448 3052 semine
2466 3000 2800 3071 laserpitium

1773 3081 2108 3144 nascebatur,
2133 3099 2198 3132 ex
2215 3080 2486 3150 laserpitio
2509 3099 2713 3146 semen,
2739 3091 2804 3132 ut

1772 3162 1832 3214 in
1865 3161 1996 3212 aliis.
2019 3161 2146 3212 Erat
2169 3160 2326 3212 etiam
2358 3160 2660 3229 magudaris,
2686 3178 2802 3212 non

1776 3240 2034 3310 laserpitii
2057 3258 2236 3293 semen
2270 3239 2675 3304 tantummode,
2704 3239 2802 3292 sed

1777 3319 1926 3374 aliud
1949 3319 2106 3372 etiam
2131 3317 2340 3372 fruticis
2357 3339 2553 3394 genus,
2575 3317 2721 3390 quod
2742 3321 2804 3371 in

1779 3394 1965 3472 Syria,
2020 3418 2130 3452 non
2182 3399 2342 3452 etiam
2396 3401 2452 3451 in
2507 3399 2804 3470 Cyrenaica

1781 3479 2135 3550 proveniebat
2156 3495 2171 3530 ε
2205 3497 2392 3530 verum
2420 3477 2488 3530 de
2507 3479 2606 3530 hac
2628 3479 2806 3552 Syria-

1777 3578 1837 3612 ca
1866 3558 2143 3630 magudari
2165 3577 2275 3610 non
2306 3571 2481 3630 potest
2515 3558 2681 3630 accipi
2710 3558 2806 3610 hic

1775 3657 1961 3691 versus
1997 3639 2308 3700 Plautinus,
2354 3637 2448 3692 sed
2489 3636 2557 3691 de
2603 3639 2807 3692 semine

1774 3718 2050 3789 laserpitii.
2074 3719 2244 3771 Sam.

1867 3817 1957 3850 22.
1991 3797 2051 3850 Si
2085 3799 2174 3850 tihi
2213 3798 2430 3850 ulmeam.
2459 3798 2808 3851 Taubmanus

1783 3891 1836 3930 et
1873 3877 2176 3949 Gruterus:
2215 3880 2297 3930 Ita
2334 3877 2544 3930 Acidal.
2580 3879 2811 3948 cogente

1782 3958 2058 4010 sententia.
2083 3959 2290 4028 VulgO,
2321 3958 2388 4010 Ut
2411 3959 2527 4022 tibi,
2555 3971 2607 4010 et
2627 3977 2804 4027 speres.

1783 4038 1978 4092 Pareus
2015 4056 2028 4089 ε
2075 4038 2212 4090 MSS
2243 4038 2377 4088 Pau>
2395 4051 2446 4090 et
2476 4057 2560 4107 pr.
2585 4035 2708 4089 edd.
2737 4038 2816 4088 Ue

1785 4117 1892 4180 tibi,
1917 4117 2068 4169 nullo
2091 4136 2274 4170 sensu:
2304 4116 2546 4186 sequitur
2565 4117 2704 4168 enirn
2736 4117 2810 4168 Ue

1785 4217 1864 4251 vs.
1903 4205 1995 4260 24.
2031 4200 2124 4260 At,
2155 4217 2188 4247 o
2216 4197 2372 4260 boni,
2416 4217 2528 4248 non
2576 4209 2652 4248 est
2697 4197 2808 4268 hoc
