3067 5017
581 471 726 545 628
1223 471 1320 538 M.
1373 469 1666 539 ACCII
1716 470 2096 540 PLAUTI

581 597 787 662 multa
830 595 998 658 bene
1031 590 1383 674 invenerit,
1436 591 1707 680 stipulas
1741 589 2019 680 legendo
2053 606 2289 679 praeter
2330 592 2606 659 modum
2650 619 2727 660 se

573 703 871 787 jactabat.
907 700 1224 764 Gruterus
1266 697 1466 788 vulgo
1511 699 1791 787 palmam
1830 699 1959 762 fert
2007 699 2075 762 in
2136 699 2373 764 criticis
2411 723 2427 764 ε
2477 701 2723 766 Pareus

579 811 786 876 multo
824 803 1042 871 s'tudio
1095 803 1474 892 sapientiam
1518 802 1883 868 Plautinam
1923 827 2109 869 suam
2152 806 2378 870 fecisse
2424 807 2722 891 videtur,

575 917 732 982 hinc
765 929 828 977 et
856 927 1028 975 notae
1063 908 1200 989 ejus
1237 924 1564 997 perpetuae
1587 925 1653 974 et
1678 909 1961 974 Lexicon
1994 910 2369 974 Plautinum
2408 928 2473 976 et
2499 914 2721 977 Electa

577 1021 872 1088 Plautina
906 1013 1084 1080 haud
1121 1013 1677 1080 contemnendum
1714 1037 1911 1079 usum
1944 1015 2211 1080 habent.
2250 1016 2491 1080 Praeter
2520 1018 2723 1084 hosce

573 1128 747 1192 viros
783 1125 852 1188 in
896 1123 1126 1187 Plauto
1170 1119 1428 1185 edendo
1475 1120 1709 1185 versati
1744 1137 1899 1184 sunt
1950 1122 2207 1186 Isaacus
2250 1120 2585 1188 Pomanus
2632 1126 2721 1190 ab

575 1253 678 1296 an.
727 1231 892 1296 1620
919 1275 938 1309 ,
968 1227 1112 1293 Nic.
1151 1225 1458 1299 Heinsius
1492 1225 1579 1289 ab
1610 1249 1715 1290 an.
1755 1224 1919 1291 1635
1940 1275 1958 1308 ,
1994 1229 2167 1317 Aug.
2207 1228 2589 1292 Buchnerus
2632 1231 2721 1295 ab

571 1360 676 1402 an.
713 1336 919 1416 16403
970 1353 1258 1420 quorum
1304 1330 1612 1396 leviorem
1663 1352 1931 1419 operam
1979 1330 2165 1396 facile
2212 1333 2367 1396 vicit
2422 1334 2719 1399 studium

569 1441 750 1506 haud
783 1438 1006 1504 infelix
1046 1437 1137 1502 M.
1189 1436 1402 1500 Zuerii
1442 1436 1797 1501 Boxhornii
1827 1484 1846 1519 ,
1882 1439 1998 1526 qui
2040 1461 2145 1504 an.
2188 1438 2351 1518 1645
2412 1439 2719 1506 Plautum

569 1547 774 1614 edidit
811 1568 867 1611 c.
905 1569 971 1610 n.
1009 1565 1174 1608 varr.
1205 1565 1506 1608 recusum
1551 1543 1737 1608 1662.

579 1639 590 1646 ’
667 1652 831 1719 1605
903 1650 1314 1716 Taubmanni
1349 1651 1423 1730 Ι,
1469 1649 1637 1714 iri-⁴.
1686 1650 1779 1714 M.
1818 1650 1977 1716 Acci
2010 1651 2223 1717 Plauti
2258 1653 2369 1718 lat.
2418 1653 2717 1720 Comoed.

567 1761 751 1830 facile
778 1756 1088 1848 principis
1109 1754 1342 1818 fabulae
1353 1755 1481 1818 XX
1505 1755 1885 1842 superstites
1900 1804 1919 1838 ,
1941 1778 2092 1820 cum
2115 1779 2288 1822 novo
2304 1772 2369 1822 et
2381 1759 2719 1823 luculento

569 1865 1054 1934 Commentario
1098 1862 1448 1927 doctorum
1499 1862 1790 1927 virorum
1812 1910 1829 1943 ,
1883 1886 2079 1951 opera
2134 1865 2442 1931 Friderici
2490 1868 2719 1932 Taub-

570 1973 824 2048 manni,
848 1969 1237 2034 Professoris
1256 1966 1446 2032 Acad.
1472 1970 1758 2034 Accessit
1786 1968 1991 2034 Index
2014 1972 2407 2061 locupletiss.
2438 1975 2555 2060 qui
2580 1976 2721 2038 Ro·
2818 2059 2827 2066 ‚

569 2103 776 2144 manae
815 2095 880 2142 et
921 2074 1188 2140 eruditae
1233 2075 1632 2163 antiquitatis
1675 2077 1941 2164 quidam
1992 2079 2079 2142 sit
2123 2079 2302 2144 velut
2346 2081 2717 2146 thesaurus.

569 2190 813 2252 Caetera
833 2231 850 2264 ‚
872 2206 1016 2270 quae
1033 2182 1374 2246 Lectorem
1395 2182 1689 2269 praescire
1708 2205 2101 2271 magnopere
2134 2184 2426 2267 interest,
2452 2186 2717 2252 docebit

569 2290 881 2381 praefatio.
902 2323 991 2337 —-
1020 2285 1210 2375 Apud
1237 2288 1440 2352 Zach.‘
1465 2277 1863 2352 ‘Schurerum
1898 2289 2241 2378 Bibliopol.
2280 2291 2358 2354 In
2398 2291 2529 2356 fine
2560 2294 2714 2358 libri

573 2413 724 2485 post
775 2393 1054 2483 insignia
1087 2392 1480 2481 typographi
1512 2391 1780 2480 legitur:
1806 2394 2227 2459 «Excudebat
2254 2396 2717 2488 Wolffgangus

570 2502 986 2566 Meissnerus.
1007 2500 1129 2563 An.
1145 2497 1416 2562 MDCV.
1433 2527 1459 2553 υ
1477 2500 1795 2589 Inscripta
1823 2522 1977 2564 vero
2004 2515 2100 2564 est
2117 2501 2503 2566 Triumviris
2524 2505 2711 2592 Reip.

569 2608 736 2672 liter.
783 2607 914 2670 Ios·
947 2603 1304 2693 Scaligero,
1349 2604 1385 2667 J
1390 2650 1405 2669 .
1454 2605 1672 2692 Lipsio
1722 2620 1788 2669 et
1830 2606 1912 2688 Is.
1956 2606 2359 2672 casaubono.
2406 2609 2719 2696 Sequitur

567 2713 745 2802 praef.
767 2711 923 2775 VIII
952 2731 1230 2798 pagg.——
1251 2708 1462 2772 Plauti
1489 2708 1661 2773 sabb.
1694 2710 2025 2798 excipiunt
2047 2710 2431 2800 Fragmenta
2468 2731 2533 2777 et
2558 2717 2717 2804 Sup-

568 2819 810 2908 posita:
839 2814 993 2880 inde
1030 2831 1183 2880 vett.
1213 2830 1278 2878 et
1309 2815 1709 2880 novitiorum
1740 2816 1821 2880 de
1852 2817 2083 2880 Plauto
2114 2820 2482 2885 testimonia
2511 2845 2527 2886 τ
2558 2822 2712 2887 dein

565 2924 795 2990 Index.
813 2920 1399 3009 Wittenbergensis
1428 2920 1627 3001 hujus
1656 2922 1992 3004 editionis,
2012 2922 2456 3013 indiligentius
2478 2976 2496 3008 ,
2518 2931 2711 3019 typis,

569 3030 750 3120 quod
775 3028 856 3094 ad
893 3043 1080 3092 notas
1117 3027 1347 3092 attinet
1367 3073 1386 3107 ‚
1414 3027 1595 3107 justo
1628 3028 1997 3094 minoribus
2019 3077 2038 3112 ‚
2071 3029 2311 3095 Graecis
2353 3039 2710 3120 praesertim

564 3135 965 3226 fugientibus
999 3134 1331 3222 exscriptae
1351 3183 1368 3216 ,
1399 3133 1793 3200 mendorum
1825 3131 2067 3223 plenae,
2099 3136 2234 3224 ipse
2262 3137 2473 3202 editor
2506 3164 2573 3204 se
2593 3165 2717 3229 pu-

567 3238 721 3305 dere
755 3237 976 3302 scribit
1003 3236 1068 3299 in
1094 3234 1290 3299 literis
1309 3235 1392 3300 ad
1413 3238 1975 3324 Jnngermannum
2005 3237 2167 3302 dati-s
2200 3239 2367 3328 prid.
2390 3240 2515 3306 kal.
2543 3259 2708 3330 sept.

521 3372 532 3388 ‚
575 3344 777 3425 1606,
817 3358 882 3406 et
911 3340 994 3406 ad
1026 3342 1301 3406 Pareum
1329 3342 1391 3407 d.
1435 3367 1509 3431 17
1548 3343 1739 3408 Mart.
1779 3345 1946 3409 1610
1982 3344 2166 3410 datis·

660 3450 826 3535 1609
861 3448 1070 3512 Plauti
1106 3450 1290 3512 Com.
1325 3450 1516 3514 ἑτι-12
1559 3451 1848 3515 exstabat
1879 3452 1946 3514 in
1982 3451 2146 3517 Bibl.
2176 3453 2328 3519 clar.
2371 3456 2511 3518 Car.
2560 3459 2713 3520 But-

556 3555 1026 3646 tinghausenii,
1061 3554 1236 3618 Prof.
1262 3553 1557 3618 Heidelb.
1588 3579 1653 3643 p.
1692 3556 1840 3620 286.

657 3662 823 3726 1610
860 3659 914 3724 F
917 3659 1309 3740 rancofurti,
1353 3660 1556 3725 in-12.
1608 3662 1697 3726 M.
1750 3663 1909 3727 Acci
1938 3662 2149 3726 Plauti
2183 3664 2432 3728 Comici
2472 3665 2712 3732 fabulae

557 3767 932 3862 superstites
944 3765 1093 3829 XX.
1119 3765 1217 3828 Ex
1236 3767 1617 3830 recensione
1639 3767 1957 3832 Dousiaca
1976 3814 1993 3847 ,
2032 3790 2258 3832 recens
2294 3793 2531 3859 magno
2559 3789 2707 3835 stu·

552 3872 697 3952 dio,
732 3887 799 3936 et
822 3884 1064 3959 quanta
1096 3866 1235 3932 fieri
1268 3870 1520 3955 potuit,
1558 3887 1855 3934 accurata
1882 3871 2213 3959 diligentia
2250 3873 2459 3938 editae.
2492 3878 2709 3940 Fran·

553 3977 827 4060 cofurfi,
862 3973 1038 4063 apud
1057 3973 1272 4040 Nicol.
1307 3974 1781 4056 Hoffmannum
1801 4026 1819 4059 ‚
1854 3978 2164 4065 impensis
2189 3979 2361 4044 Petri
2390 3981 2653 4070 Kopffii.

645 4120 820 4178 3—--
857 4081 1173 4163 Genevae,
1216 4081 1420 4147 in-12.
1457 4083 1549 4147 Μ.
1588 4085 1745 4148 Acci
1796 4084 2007 4148 Plauti
2046 4087 2399 4150 Comoediae
2444 4088 2703 4176 viginti.

551 4190 756 4256 Variae
787 4187 1126 4268 lectiones,
1166 4209 1238 4250 ac
1274 4202 1446 4251 notae
1481 4211 1559 4252 ex
1587 4191 1663 4252 D.
1700 4191 1998 4254 Lambini
2025 4190 2435 4279 aliorumque
2462 4194 2705 4258 doctis·
