3067 5017
652 450 794 541 546
1068 448 1593 522 PRAEFATIO
1643 450 1770 518 AD
1820 451 2386 523 RUTIMUM.

652 589 758 658 nit
804 600 870 656 et
907 584 1095 679 rupit
1146 581 1394 652 fidem:
1440 605 1713 676 magum
1752 581 2438 680 mathematicumque
2488 610 2629 656 sese
2679 587 2804 657 fin-

651 734 855 806 gem,
893 721 961 778 et
995 703 1321 800 quidquid
1370 704 1640 774 mentiri
1679 703 1789 774 fur
1833 719 2074 800 potest.
2119 709 2221 778 Ea
2257 733 2406 803 quae
2442 734 2482 778 a
2519 724 2808 804 patrono

651 832 978 904 didicerat
1008 826 1290 918 Queroli
1337 841 1589 896 secreta
1632 841 1698 896 et
1733 827 2126 914 familiaria,
2171 834 2361 926 quasi
2403 831 2672 902 divinus
2711 833 2807 904 lo-

648 958 901 1053 quitur.
931 951 1269 1044 Querolus
1306 949 1507 1019 fidem
1538 951 2002 1020 accommodat
2021 1005 2041 1038 ,
2080 952 2537 1050 auxiliumque
2566 957 2804 1050 poscit.

651 1079 992 1151 Parasitus
1026 1100 1265 1170 magus
1293 1072 1567 1144 domum
1597 1073 1911 1168 purificat
1940 1089 2007 1143 et
2047 1101 2284 1170 puram
2315 1077 2498 1148 facit.
2527 1079 2660 1148 Sed
2692 1080 2808 1148 ubi

654 1203 950 1300 primum
1012 1199 1219 1269 libere
1272 1221 1508 1267 ornam
1577 1197 1902 1292 inspexit,
1957 1213 2178 1268 vetere
2228 1198 2387 1268 dolo
2451 1200 2804 1298 decipitur.

654 1327 941 1398 Bustum
984 1322 1168 1418 quod
1204 1319 1648 1392 simulabatur
1683 1321 2010 1409 credidit,
2044 1336 2249 1418 atque
2281 1325 2550 1394 irrisum
2579 1352 2651 1396 se
2690 1351 2814 1421 pu·

658 1467 775 1523 tat.
828 1450 998 1521 Inde
1039 1464 1115 1518 ut
1150 1446 1574 1542 aliquatenus
1626 1471 1696 1515 se
1737 1445 2192 1534 ulcisceretur,
2235 1473 2475 1518 ornam
2521 1449 2808 1540 Queroli

657 1575 730 1644 in
763 1572 1040 1662 domum
1072 1569 1310 1640 callide
1337 1583 1405 1638 et
1441 1567 1702 1639 occulte
1736 1569 2068 1665 obrepens
2105 1595 2227 1664 per
2259 1570 2616 1640 fenestram
2655 1597 2811 1666 pro-

656 1697 818 1770 tulit
860 1722 879 1767 ε
941 1720 1074 1791 qua
1121 1692 1395 1789 explosa
1440 1694 1977 1762 et.comminuta
2004 1745 2023 1779 ,
2069 1694 2346 1764 bustum
2399 1694 2468 1762 in
2518 1695 2811 1789 pretium

659 1823 1217 1913 vertitur.1taque
1245 1816 1634 1906 thesaurum
1662 1830 1897 1886 contra
1933 1817 2266 1886 rationem
2285 1833 2350 1886 et
2369 1815 2572 1894 fidem
2602 1845 2812 1912 quum

662 1945 923 2031 lateret,
958 1941 1281 2038 perdidit3
1320 1965 1531 2035 quum
1574 1941 1872 2034 perisset,
1891 1941 2204 2012 reddidit.
2237 1946 2475 2012 Postea
2518 1968 2593 2012 re
2629 1953 2816 2014 co'm-

662 2081 854 2161 perta
890 2065 1223 2160 parasitus
1260 2060 1555 2145 revolat,
1597 2076 1665 2132 et
1699 2079 1958 2157 partem
2002 2066 2194 2159 petit.
2242 2064 2374 2136 Sed
2409 2067 2567 2160 quia
2619 2067 2814 2161 quid·-

662 2187 829 2285 quid
858 2184 1208 2258 abstulerit
1227 2238 1246 2272 ‚
1272 2183 1659 2271 confitetur,
1683 2183 2015 2279 quidquid
2041 2183 2380 2273 retulerit,
2420 2211 2560 2258 non
2589 2186 2816 2274 docet,

660 2317 959 2412 primum
992 2313 1198 2400 furti,
1222 2324 1375 2408 post
1405 2311 1608 2382 etiam
1641 2310 1932 2406 sepulcri
1963 2310 2193 2383 violati
2229 2327 2330 2382 est
2367 2336 2544 2382 reus.
2577 2313 2816 2383 Exitus

658 2444 776 2515 hio
814 2458 918 2514 est
956 2440 1133 2512 :Ille
1173 2437 1548 2525 Dominus,
1587 2436 1700 2508 ille
1748 2441 2110 2534 parasitus,
2165 2421 2390 2510 denuo
2429 2440 2569 2510 fato
2615 2456 2817 2537 atque

664 2567 909 2638 merito
938 2565 1361 2638 collocantur
1392 2562 1491 2632 sic
1516 2563 1738 2632 ambo
1778 2563 1866 2633 ad
1903 2590 2044 2634 sna.
2081 2569 2230 2636 Tuo
2271 2564 2478 2659 igitur
2515 2563 2814 2635 inlustris

664 2689 932 2764 libellus
974 2692 1099 2762 iste
1143 2689 1493 2766 dedicatur
1534 2689 1813 2756 nomini.
1863 2663 2068 2758 'Vives
2105 2687 2460 2758 incolumis
2495 2703 2698 2783 atque
2728 2689 2813 2758 fe-

665 2813 761 2882 lix
797 2815 970 2884 votis
1004 2813 1252 2884 nostris
1294 2824 1361 2880 et
1397 2809 1548 2879 tuis.
