3067 5017
1033 415 1725 487 TEsTfflomA.
2306 414 2450 514 599

837 608 1024 676 lum
1047 655 1067 690 ‚
1113 626 1188 672 m
1229 604 1516 672 Eusmm
1554 604 1951 673 Canniaco.

407 780 680 876 Olymp.
713 801 830 850 clv
865 775 1141 852 Plautus
1179 801 1260 851 ex
1298 774 1587 849 Umbria
1637 777 1943 848 Sarsinas
1982 781 2217 850 Romae
2255 782 2457 851 mori·

313 907 450 979 tur,
475 892 592 986 qui
617 900 895 984 propter
921 909 1206 960 annonae
1231 887 1701 962 difficultatem
1719 888 1806 957 ad
1828 886 2045 958 molas
2072 891 2453 962 manuarias

309 1001 549 1094 pistori
581 987 656 1070 se
691 999 1024 1074 locaverat
1053 1024 1070 1068 ε
1110 999 1205 1070 ibi
1223 1049 1242 1085 ‚
1281 996 1543 1093 quoties
1579 1000 1665 1069 ab
1700 1023 1903 1094 opera
1942 1015 2273 1090 vacasset,
2300 1001 2454 1072 scri·
2528 985 2533 992 ⁸

310 1109 469 1179 bere
504 1107 760 1178 fabulas
795 1106 1031 1177 solitus
1071 1121 1137 1178 et
1169 1106 1476 1182 vendere.

781 1283 1178 1367 RurerS‚
1200 1303 1278 1350 m
1321 1282 1410 1352 D.
1448 1283 1976 1354 Hmnounmu.

405 1445 640 1534 Quum
675 1443 762 1513 ad
795 1444 941 1513 haec
973 1443 1241 1536 omnia,
1273 1465 1422 1536 quae
1460 1465 1665 1538 supra
1698 1441 2012 1533 diximus,
2048 1446 2251 1515 etiam
2285 1444 2454 1516 illud

307 1554 600 1626 addatur
616 1611 636 1645 ‚
662 1556 781 1625 ubi
814 1570 1028 1625 cessat
1055 1579 1257 1624 omne
1283 1569 1735 1624 commentum
1754 1604 1775 1640 ‚
1792 1556 1973 1654 quod
1992 1610 2012 1644 ,
2039 1556 2109 1625 in
2135 1571 2457 1626 monaste·

311 1669 411 1738 rio
433 1666 691 1762 positus
720 1667 790 1735 in
822 1663 1249 1752 Bethlehem,
1269 1679 1425 1734 ante
1459 1689 1599 1733 non
1628 1663 1843 1734 multo
1863 1679 2197 1760 tempore,
2234 1681 2456 1759 partes

311 1776 780 1871 grammaticas
799 1789 1204 1869 exsequutus
1229 1775 1337 1861 sit,
1355 1787 1424 1843 'et
1447 1775 1801 1844 Maronem
1816 1799 2009 1844 suum
2029 1776 2455 1869 comicosque

309 1911 387 1956 ac
425 1886 668 1982 lyricos
722 1898 788 1954 et
841 1885 1198 1954 historicos
1251 1899 1559 1954 auctores
1603 1883 1867 1954 traditis
1914 1885 2041 1955 sibi
2076 1884 2161 1955 ad
2198 1885 2455 1956 discen-

307 1995 470 2065 dum
504 1995 636 2064 Dei
674 1995 985 2064 timorem
1029 1995 1255 2092 pueris
1296 1995 1696 2092 exponebat.

455 2164 809 2254 (Quinam
843 2164 962 2230 isti
990 2161 1259 2230 Comici
1275 2165 1436 2247 sint,
1453 2160 1693 2258 paulo
1706 2177 1875 2259 post
1908 2161 2300 2260 exprimit.)

406 2322 693 2411 Quaem,
735 2319 792 2390 si
830 2315 935 2387 vel
965 2316 1244 2388 Flaccus
1276 2331 1466 2404 tuus,
1497 2332 1619 2388 aut
1656 2321 1887 2406 Maro,
1914 2320 1971 2390 si
2013 2320 2294 2391 Plautus
2327 2327 2457 2393 Co-

306 2433 552 2518 micuS,
585 2443 705 2498 aut
739 2429 1092 2501 Terentius
1128 2443 1342 2522 certe,
1381 2429 1434 2497 si
1475 2442 1595 2497 aut
1626 2427 1932 2499 satiricus
1966 2432 2154 2524 quiS‚
2185 2446 2314 2501 etc.

1115 2608 1306 2679 Imm
1357 2625 1639 2680 numm.

402 2779 514 2848 Sic-
535 2833 556 2866 ‚
592 2754 754 2846 dum
791 2791 974 2846 totus
1011 2775 1338 2847 Plautinae
1365 2791 1431 2845 et
1465 2776 1793 2848 Tullianae
1828 2779 2017 2872 cupis
2056 2776 2453 2872 eloquentiae

306 2905 593 2962 sectator
640 2888 889 2975 videri,
939 2887 1195 2966 oblitus·
1238 2913 1340 2976 eS,
1380 2887 1723 2984 quomodo
1770 2887 2135 2982 Apostolus
2183 2913 2452 2962 omnem

307 2998 714 3084 Ecclesiam,
764 3013 891 3069 etc.

951 3165 1140 3245 Imm
1192 3195 1288 3240 AD
1330 3175 1811 3244 Domuomm.

399 3348 580 3417 Puto
598 3342 781 3438 quod
804 3366 968 3437 puer
994 3341 1230 3440 legeris
1255 3345 1446 3440 Aspri
1477 3345 1549 3412 in
1564 3343 1934 3440 Virgilium
1962 3361 2030 3415 et
2056 3345 2449 3417 Sallustium
2472 3345 2479 3354 ’

308 3453 866 3540 commentarios,
894 3453 1191 3523 Vulcatii
1227 3453 1300 3523 in
1349 3456 1687 3524 orationes
1722 3457 2458 3544 CiceroniS,Victorini

308 3566 378 3634 in
401 3553 704 3661 dialogos
739 3563 884 3658 ejus
905 3616 924 3649 ‚
954 3577 1023 3632 et
1051 3563 1120 3632 in
1149 3565 1448 3634 Terentii
1487 3566 1845 3637 comoedias
1871 3566 2305 3661 praeceptoris
2324 3566 2462 3636 mei

304 3675 600 3760 Donati,
629 3697 817 3767 oeque
852 3674 922 3748 in
956 3670 1351 3767 Virgilium3
1378 3689 1445 3744 et
1472 3676 1758 3746 aliorum
1786 3679 1855 3746 in
1880 3678 2081 3762 alios,
2115 3675 2463 3766 Plautum,

305 3777 736 3870 Lucretium,
799 3782 1108 3852 Flaccum
1135 3836 1153 3870 ,
1210 3784 1516 3884 Persium
1557 3801 1758 3882 atque
1810 3793 2183 3858 Lucanum.
2234 3792 2464 3882 Argue

307 3897 710 3989 interpretes
771 3917 1004 3962 eorum
1025 3946 1044 3980 ‚
1089 3905 1300 3987 ‘quare
1365 3896 1506 3963 non'
1564 3920 1769 3966 unam
1835 3899 2464 3992 interpretationem

307 4003 570 4102 sequuti
607 3993 775 4093 sint,
805 4005 966 4074 etin
995 4005 1228 4074 eadem
1253 4029 1328 4074 re
1362 4006 1528 4102 quid
1554 4005 1655 4076 vel
1683 4009 1813 4077 sibi
1834 4005 1946 4078 ‘vel
1972 4006 2121 4078 aliis
2151 4009 2462 4081 videatur

229 4141 238 4152 ’
308 4128 731 4184 enumerent.
