3067 5017
828 425 1164 494 ACTUS
1215 429 1335 512 II,
1388 427 1725 497 SCENA
1771 432 1947 499 VII.
2327 441 2458 524 241

314 543 471 615 Tibi
498 571 622 641 ego
641 571 989 640 nunquam
1003 547 1373 641 quidquam
1394 549 1685 638 credam,
1703 553 1829 620 nisi
1853 553 2135 655 adcepto
2160 560 2465 654 pignore.

314 657 423 726 Tu
451 656 555 726 vel
588 657 787 743 suda,
818 657 919 728 vel
955 657 1096 753 peri
1131 657 1327 753 algu,
1358 658 1461 728 vel
1495 674 1569 728 tu
1603 655 1884 756 aegrota,
1927 663 2026 734 vel
2073 667 2218 738 vale
2247 695 2265 739 τ

315 770 687 838 Barbarum
747 770 1078 862 hospitem
1136 771 1304 838 mihi
1369 771 1439 838 in
1500 770 1699 841 aedeis
1720 825 1740 860 ,
1802 775 1969 864 nihil
2032 804 2304 852 moror:
2365 798 2466 854 sat

607 877 941 948 litium’st.
1290 935 1297 943 .
1398 923 1403 928 ³
2409 921 2462 960 2⁵

312 961 585 1059 criARM.
617 993 653 1058 J
658 1015 853 1058 amne
876 990 1068 1058 abis?
1100 986 1387 1059 venaleis
1411 988 1548 1078 illic
1571 989 1930 1064 ductitavit
1948 1049 1966 1081 ,
1991 1001 2293 1096 quisquis
2316 1021 2418 1076 est
2442 1033 2458 1075 t

308 1100 376 1168 N
379 1125 467 1167 on
488 1114 586 1168 est
604 1101 1016 1179 misericors:
1046 1099 1163 1169 sed
1190 1098 1354 1194 quid
1372 1125 1497 1194 ego
1516 1092 1667 1172 heic
1686 1102 1878 1202 adsto
1895 1107 2126 1179 infelix
2144 1168 2161 1202 ,
2184 1116 2464 1188 uvidus?

308 1208 496 1297 Quin
542 1209 709 1278 abeo
747 1209 907 1277 hinc
945 1209 1012 1276 in
1042 1210 1327 1280 Veneris
1369 1208 1631 1300 fanum,
1676 1227 1754 1281 ut
1811 1215 2464 1299 edormiscam-hanc

598 1319 981 1414 crapulam,
1566 1387 1570 1392 .

304 1430 531 1518 Quam
569 1431 795 1524 potavi
831 1445 1071 1522 praeter
1106 1429 1351 1515 animi,
1394 1455 1598 1524 quam
1637 1429 1860 1504 lubuit
1882 1492 1901 1526 ,
1937 1446 2358 1517 sententiam.

304 1539 517 1628 Quasi
553 1541 727 1608 vinis
765 1541 1019 1610 Graecis
1055 1542 1414 1634 Neptunus
1454 1540 1649 1608 nohis
1687 1545 1992 1617 subfudit
2031 1577 2259 1623 mare:
2409 1578 2460 1616 3..

300 1654 537 1742 Itaque
580 1649 803 1719 alvom
842 1651 1038 1745 prodi
1076 1651 1366 1744 speravit
1402 1650 1598 1720 nobis
1636 1653 1822 1726 salsis
1861 1661 2144 1754 poculis,

301 1760 494 1848 Quid
522 1761 743 1854 opu’st
770 1762 1034 1831 verbis?
1060 1763 1113 1830 si
1149 1762 1435 1829 invitare
1462 1787 1588 1830 nos
1622 1765 1964 1862 paulisper
1997 1793 2341 1868 pergeret,

299 1869 561 1940 Ibidem
594 1871 1165 1941 obdormissemus
1196 1897 1211 1939 :
1249 1896 1429 1940 nunc
1464 1873 1574 1940 vix
1604 1877 1789 1945 vivos
1817 1883 2042 1950 amisit
2079 1885 2376 1958 domum.

298 1984 501 2054 Nunc
530 1979 877 2068 lenonem,
899 1982 1065 2076 quid
1093 1983 1234 2077 agit
1266 1983 1479 2070 intuS,
1516 1984 1723 2054 visam
1749 2042 1768 2076 ,
1803 1994 2150 2064 convivam
2181 2023 2422 2070 meum.

296 2161 367 2195 sae
392 2161 405 2195 ε
432 2165 453 2186 α
470 2144 687 2197 Ciccum
712 2147 825 2216 ῥοᾶς
846 2147 991 2216 ὑμήν.
1012 2147 1328 2201 Membrana
1502 2167 1596 2218 ²9·
1622 2150 1782 2217 Quam
1805 2154 1978 2210 lubuit.
1994 2162 2061 2210 Τὸ
2083 2180 2226 2232 quam
2243 2201 2258 2229 ,
2291 2166 2453 2218 trahi·
2507 2143 2519 2149 ἱ

296 2224 509 2286 tenuis,
553 2243 670 2296 quae
707 2240 784 2278 est
832 2226 889 2277 in
938 2227 1081 2278 malo
1122 2227 1325 2281 Punico
1413 2238 1505 2280 'tur
1547 2233 1927 2302 praepositione
1970 2251 2178 2307 proeter,
2227 2259 2447 2313 praetexx·

295 2303 609 2356 cellularum
641 2303 931 2358 discrimen
959 2329 981 2354 a·
1001 2345 1017 2372 ‚
1060 2320 1123 2359 nt
1146 2309 1321 2362 Varro
1412 2326 1596 2378 quam.

292 2381 384 2435 ait.
419 2384 715 2453 Hesychius
728 2423 744 2449 ,
782 2386 955 2446 κοκκὸς
997 2384 1318 2457 &excip-amq.

291 2461 623 2514 Glossarium
651 2463 718 2514 H.
754 2464 1006 2533 Stephani
1036 2487 1048 2517 t
1095 2467 1319 2526 Ciccum.

288 2543 379 2612 γρῦ
412 2547 583 2604 κόκκος
601 2567 613 2579 ·
642 2541 787 2613 quod
814 2542 993 2597 Graeei
1010 2586 1025 2612 ‚
1056 2541 1172 2600 οὐδὲ
1196 2549 1283 2618 γρὺ
1303 2571 1316 2583 ·

237 2677 247 2688 ,
290 2619 491 2680 Latini,
518 2621 827 2685 rzedcc‘ccum,·
857 2638 909 2677 et
932 2626 1103 2688 κόκκος
1130 2627 1317 2681 eadem

290 2700 515 2755 notione
555 2701 698 2774 apud
728 2702 957 2756 Graecos.
986 2706 1184 2759 Timon
1214 2707 1315 2760 Sil·

288 2779 616 2851 lographus:
644 2785 850 2851 Πτωχὸς
872 2785 959 2854 μὲν
980 2788 1153 2856 φρένας
1181 2789 1282 2858 εἰμὶ
1299 2826 1315 2853 ,
1350 2795 1356 2803 ‘

286 2861 397 2912 νόου
429 2857 490 2913 δέ
524 2881 605 2930 μοι
634 2865 719 2914 οὐκ
757 2863 824 2916 ἐνὶ
860 2867 1051 2926 κόκκος.
1078 2889 1099 2910 α
1118 2867 1317 2921 Exsen-

285 2957 409 2993 sum
448 2941 585 2994 mihi
626 2954 847 3014 pectus,
886 2957 941 2998 et
969 2944 1113 2998 haud
1141 2947 1310 3002 hilum

289 3019 427 3074 mihi
448 3022 639 3074 mentis
662 3048 712 3076 ι.
744 3025 893 3076 L1rs.

372 3087 464 3152 2¹5.
503 3101 795 3154 Barbarum.
826 3102 1095 3159 Videlicet
1124 3107 1313 3164 timere

286 3197 343 3230 se
365 3179 595 3246 simulat,
611 3201 679 3234 ne
697 3183 765 3236 sit
786 3183 875 3235 ille
894 3185 1149 3257 fugitivus
1162 3179 1309 3257 (nam

285 3258 531 3330 plerique
567 3263 707 3314 servi
740 3282 769 3314 e
796 3264 1033 3318 barbaris
1062 3269 1312 3338 gentibus

284 3335 536 3404 deducti,
579 3341 779 3411 Syrus,
802 3337 991 3412 Geta);
1035 3359 1088 3399 et
1119 3347 1311 3403 sibilis

283 3428 535 3489 tanquam
563 3420 911 3490 fugitivorum
934 3430 1204 3498 receptori
1232 3431 1311 3482 in·

285 3508 536 3550 tentetur.
572 3499 639 3552 N.

372 3581 462 3628 26.
484 3576 657 3632 Iamne
676 3580 825 3632 abis?
847 3583 1075 3638 Locutio
1098 3607 1127 3640 a
1151 3607 1206 3641 se
1229 3610 1309 3644 re-

283 3655 532 3725 pellentis
550 3659 951 3728 importunum,
980 3665 1065 3718 vel
1098 3687 1307 3723 moran-

1494 2391 1584 2443 30.
1613 2391 1758 2450 Vim‘s
1790 2393 2000 2452 Groecis.
2023 2399 2183 2453 Vinis
2206 2403 2406 2460 Graecis
2424 2446 2438 2471 ‚

1408 2486 1528 2538 quae
1554 2467 1967 2528 travehebantur
1998 2477 2055 2530 in
2088 2479 2332 2548 titulum,
2357 2503 2441 2538 so·-

1358 2547 1365 2550 ’
1403 2546 1582 2601 lebant
1606 2569 1796 2621 aquam
1825 2558 2088 2611 marinam
2109 2562 2438 2630 suffundere,

1403 2641 1760 2700 praeterquam
1805 2634 1990 2689 Chiis:
2035 2636 2104 2689 ad
2133 2657 2291 2710 quem
2323 2664 2436 2698 mo·

1402 2726 1515 2761 rem
1551 2709 1741 2764 alludit
1773 2712 2008 2769 Plautus.
2054 2717 2196 2773 Vide
2235 2724 2431 2779 Athen.

1399 2787 1495 2840 lib.
1522 2791 1579 2853 1,
1619 2803 1670 2843 et
1695 2793 1963 2848 Plutarch.
1997 2796 2092 2850 Διὰ
2125 2801 2288 2874 ‘tint-Cp
2323 2805 2432 2877 οἴνῳ

1398 2869 1655 2922 θάλασσαν
1677 2877 2004 2942 παραχέουσι.
2025 2878 2212 2934 Lanu.

1483 2949 1514 3002 3
1530 2968 1552 3002 1
1566 2989 1579 3003 .
1603 2951 1761 3004 Prode
1781 2959 2004 3023 speravit.
2028 2957 2164 3012 Sunt
2186 2962 2278 3032 qui
2298 2965 2429 3016 scri-

1398 3029 1529 3083 bant
1577 3050 1688 3084 uno
1737 3036 1907 3086 verbo
1938 3037 2321 3110 prodisperavit,
2366 3063 2427 3096 ac

1397 3109 1826 3180 interpretentur
1855 3115 2088 3171 distorsit.
2117 3119 2280 3174 Multi
2299 3141 2427 3176 vero

1396 3188 1618 3243 eruditi·
1649 3192 1752 3244 viri
1807 3194 1913 3247 hoc
1969 3208 2223 3269 tanquam
2274 3221 2426 3256 mon-

1396 3282 1568 3322 strum
1596 3271 1886 3326 locutionis
1911 3273 2203 3342 damnant,
2252 3294 2304 3333 et
2334 3283 2416 3334 di·

1396 3348 1568 3402 visere
1591 3369 1780 3415 voces,
1810 3372 1944 3447 quas
1967 3354 2244 3423 dedimus;
2273 3365 2424 3430 prodi
2524 3385 2534 3402 ν

1394 3443 1572 3482 autem
1625 3432 1914 3502 explicant·
1954 3461 1976 3482 α
1995 3433 2174 3507 decipi
2226 3441 2301 3493 ita
2359 3457 2419 3496 ut

1396 3511 1564 3579 magis
1592 3529 1750 3582 quam
1783 3531 1882 3582 par
1911 3529 2044 3567 esset
2070 3518 2346 3572 biberetur
2367 3548 2419 3588 ι,

1363 3601 1448 3641 ·et
1488 3589 1656 3660 Epist.
1695 3591 1834 3644 Galli
1871 3594 1984 3647 Cic.
2023 3595 2118 3649 lib.
2150 3599 2260 3650 VII
2291 3601 2419 3654 alle-

1392 3682 1532 3739 gant.
1574 3669 1756 3723 Malim
1797 3673 1872 3725 sic
1902 3671 2132 3728 habente
2177 3681 2424 3735 oratione

285 3747 390 3786 tem
414 3738 668 3806 urgentis.
694 3739 840 3794 Pers.
864 3744 910 3806 I,
940 3761 990 3808 1,
1010 3745 1039 3797 5
1056 3765 1103 3798 1.
1130 3749 1199 3800 N.
1222 3781 1304 3792 -—
1388 3749 1712 3819 intelligere,
1748 3753 1994 3820 prolatae-i
2008 3791 2024 3816 ,
2067 3755 2298 3812 distendi.
2347 3763 2424 3814 At

288 3813 529 3869 Venaleis.
567 3817 763 3871 Servos
789 3823 1000 3874 venales
1024 3825 1113 3880 hic
1138 3829 1303 3885 homo

282 3892 561 3948 ductitavit
587 3917 601 3950 :
630 3911 709 3950 est
737 3917 944 3970 mangO.
979 3905 1101 3960 Hoc
1128 3927 1191 3959 eo
1222 3909 1306 3961 di-

282 3973 385 4037 cit,
405 3976 552 4045 quod
578 3997 869 4050 mangones
900 3984 1022 4034 saevi
1055 3998 1109 4036 et
1134 3987 1308 4041 immi-

284 4053 578 4109 sericordes
606 4076 716 4111 esse
745 4061 968 4138 soleant.
988 4064 1187 4118 Lama.

1392 3829 1526 3881 mihi
1582 3831 1949 3900 prodispa1·avit
2003 3835 2206 3889 arridet
2229 3877 2244 3900 ‚
2323 3861 2426 3894 vox

1392 3927 1589 3979 nempe
1612 3911 1872 3962 sexcentis
1897 3911 2072 3966 Plauti
2096 3918 2432 3974 confictioni-

1394 3992 1494 4043 bus
1532 3990 1946 4044 anuumeranda.
1972 3993 2102 4047 Vid.
2143 3997 2284 4050 infra
2319 4002 2434 4066 111,

1400 4091 1459 4135 2,
1488 4068 1682 4132 43..N.

943 4181 1753 4219 Q

442 4219 582 4287 ΙΙΙ.

2071 4235 2152 4305 16
