<?xml version="1.0" encoding="UTF-8"?>
<!DOCTYPE html PUBLIC "-//W3C//DTD XHTML 1.0 Transitional//EN"
    "http://www.w3.org/TR/xhtml1/DTD/xhtml1-transitional.dtd">
<html xmlns="http://www.w3.org/1999/xhtml" xml:lang="en" lang="en">
 <head>
  <title>
</title>
<meta http-equiv="Content-Type" content="text/html;charset=utf-8" />
  <meta name='ocr-system' content='tesseract 3.04.00' />
  <meta name='ocr-capabilities' content='ocr_page ocr_carea ocr_par ocr_line ocrx_word'/>
</head>
<body>
  <div class='ocr_page' id='page_1' title='image "./macciiplauticom00naudgoog_0541.png"; bbox 0 0 3067 5017; ppageno 0'>
   <div class='ocr_carea' id='block_1_1' title="bbox 1042 467 1714 539">
    <p class='ocr_par' dir='ltr' id='par_1_1' title="bbox 1042 467 1714 539">
     <span class='ocr_line' id='line_1_1' title="bbox 1042 467 1714 539; baseline 0 -5"><span class='ocrx_word' id='word_1_1' title='bbox 1042 467 1714 539; x_wconf 83' lang='lat' dir='ltr'><strong>FRAGMENTA.</strong></span> 
     </span>
    </p>
   </div>
   <div class='ocr_carea' id='block_1_2' title="bbox 2307 463 2446 537">
    <p class='ocr_par' dir='ltr' id='par_1_2' title="bbox 2307 463 2446 537">
     <span class='ocr_line' id='line_1_2' title="bbox 2307 463 2446 537; baseline 0 -1"><span class='ocrx_word' id='word_1_2' title='bbox 2307 463 2446 537; x_wconf 85' lang='lat'><strong>533</strong></span> 
     </span>
    </p>
   </div>
   <div class='ocr_carea' id='block_1_3' title="bbox 302 554 2457 685">
    <p class='ocr_par' dir='ltr' id='par_1_3' title="bbox 302 554 2457 685">
     <span class='ocr_line' id='line_1_3' title="bbox 302 554 2457 685; baseline 0 -27"><span class='ocrx_word' id='word_1_3' title='bbox 302 589 536 678; x_wconf 87' lang='lat' dir='ltr'><strong>Quam</strong></span> <span class='ocrx_word' id='word_1_4' title='bbox 563 585 777 660; x_wconf 86' lang='lat' dir='ltr'><strong>folleis</strong></span> <span class='ocrx_word' id='word_1_5' title='bbox 805 588 1054 658; x_wconf 83' lang='lat' dir='ltr'><strong>taurini</strong></span> <span class='ocrx_word' id='word_1_6' title='bbox 1082 588 1369 676; x_wconf 86' lang='lat' dir='ltr'><strong>habent,</strong></span> <span class='ocrx_word' id='word_1_7' title='bbox 1398 614 1608 685; x_wconf 87' lang='lat' dir='ltr'><strong>quom</strong></span> <span class='ocrx_word' id='word_1_8' title='bbox 1638 588 2024 684; x_wconf 83' lang='lat' dir='ltr'><strong>liquescunt</strong></span> <span class='ocrx_word' id='word_1_9' title='bbox 2053 554 2256 684; x_wconf 71' lang='lat' dir='ltr'><strong>petrae</strong></span> <span class='ocrx_word' id='word_1_10' title='bbox 2276 643 2296 677; x_wconf 90' lang='lat'><strong>,</strong></span> <span class='ocrx_word' id='word_1_11' title='bbox 2327 590 2457 658; x_wconf 88' lang='lat' dir='ltr'><strong>fer-</strong></span> 
     </span>
    </p>
   </div>
   <div class='ocr_carea' id='block_1_4' title="bbox 576 697 1044 778">
    <p class='ocr_par' dir='ltr' id='par_1_4' title="bbox 576 697 1044 778">
     <span class='ocr_line' id='line_1_4' title="bbox 576 697 1044 778; baseline 0.002 -11"><span class='ocrx_word' id='word_1_12' title='bbox 576 723 751 778; x_wconf 75' lang='lat' dir='ltr'><strong>,rum</strong></span> <span class='ocrx_word' id='word_1_13' title='bbox 786 697 906 768; x_wconf 90' lang='lat' dir='ltr'><strong>ubi</strong></span> <span class='ocrx_word' id='word_1_14' title='bbox 945 697 1044 768; x_wconf 90' lang='lat' dir='ltr'><strong>fit.</strong></span> 
     </span>
    </p>
   </div>
   <div class='ocr_carea' id='block_1_5' title="bbox 300 807 2460 1013">
    <p class='ocr_par' dir='ltr' id='par_1_5' title="bbox 300 807 2460 1013">
     <span class='ocr_line' id='line_1_5' title="bbox 300 807 2460 904; baseline -0 -25"><span class='ocrx_word' id='word_1_15' title='bbox 300 811 465 879; x_wconf 85' lang='lat' dir='ltr'><strong>Non</strong></span> <span class='ocrx_word' id='word_1_16' title='bbox 500 807 613 878; x_wconf 89' lang='lat' dir='ltr'><strong>hic</strong></span> <span class='ocrx_word' id='word_1_17' title='bbox 652 823 730 878; x_wconf 89' lang='lat' dir='ltr'><strong>ut</strong></span> <span class='ocrx_word' id='word_1_18' title='bbox 772 808 1023 903; x_wconf 86' lang='lat' dir='ltr'><strong>possit,</strong></span> <span class='ocrx_word' id='word_1_19' title='bbox 1060 807 1235 896; x_wconf 80' lang='lat' dir='ltr'><strong>edit3</strong></span> <span class='ocrx_word' id='word_1_20' title='bbox 1284 807 1401 878; x_wconf 85' lang='lat' dir='ltr'><strong>sed</strong></span> <span class='ocrx_word' id='word_1_21' title='bbox 1434 833 1629 904; x_wconf 87' lang='lat' dir='ltr'><strong>posse</strong></span> <span class='ocrx_word' id='word_1_22' title='bbox 1659 810 1886 904; x_wconf 89' lang='lat' dir='ltr'><strong>cupit,</strong></span> <span class='ocrx_word' id='word_1_23' title='bbox 1936 822 2010 878; x_wconf 91' lang='lat' dir='ltr'><strong>ut</strong></span> <span class='ocrx_word' id='word_1_24' title='bbox 2042 807 2215 878; x_wconf 84' lang='lat' dir='ltr'><strong>edat.</strong></span> <span class='ocrx_word' id='word_1_25' title='bbox 2407 827 2460 870; x_wconf 74' lang='lat'><strong>²⁵</strong></span> 
     </span>
     <span class='ocr_line' id='line_1_6' title="bbox 301 918 1509 1013; baseline 0 -25"><span class='ocrx_word' id='word_1_26' title='bbox 301 923 615 990; x_wconf 83' lang='lat' dir='ltr'><strong>Fortasse</strong></span> <span class='ocrx_word' id='word_1_27' title='bbox 646 933 713 988; x_wconf 88' lang='lat' dir='ltr'><strong>te</strong></span> <span class='ocrx_word' id='word_1_28' title='bbox 748 943 974 990; x_wconf 88' lang='lat' dir='ltr'><strong>amare</strong></span> <span class='ocrx_word' id='word_1_29' title='bbox 1006 918 1509 1013; x_wconf 84' lang='lat' dir='ltr'><strong>subspicavere,</strong></span> 
     </span>
    </p>
   </div>
   <div class='ocr_carea' id='block_1_6' title="bbox 301 1026 999 1236">
    <p class='ocr_par' dir='ltr' id='par_1_6' title="bbox 301 1026 999 1236">
     <span class='ocr_line' id='line_1_7' title="bbox 301 1026 880 1098; baseline 0 0"><span class='ocrx_word' id='word_1_30' title='bbox 301 1032 568 1098; x_wconf 83' lang='lat' dir='ltr'><strong>Instare</strong></span> <span class='ocrx_word' id='word_1_31' title='bbox 604 1026 880 1098; x_wconf 86' lang='lat' dir='ltr'><strong>factum.</strong></span> 
     </span>
     <span class='ocr_line' id='line_1_8' title="bbox 302 1137 999 1236; baseline -0.003 -26"><span class='ocrx_word' id='word_1_32' title='bbox 302 1143 541 1236; x_wconf 86' lang='lat' dir='ltr'><strong>Egone</strong></span> <span class='ocrx_word' id='word_1_33' title='bbox 572 1137 673 1214; x_wconf 90' lang='lat' dir='ltr'><strong>illi</strong></span> <span class='ocrx_word' id='word_1_34' title='bbox 708 1139 999 1210; x_wconf 80' lang='lat' dir='ltr'><strong>venear?</strong></span> 
     </span>
    </p>
   </div>
   <div class='ocr_carea' id='block_1_7' title="bbox 298 1249 2463 1564">
    <p class='ocr_par' dir='ltr' id='par_1_7' title="bbox 298 1249 2463 1564">
     <span class='ocr_line' id='line_1_9' title="bbox 301 1249 2456 1345; baseline 0 -26"><span class='ocrx_word' id='word_1_35' title='bbox 301 1249 635 1319; x_wconf 88' lang='lat' dir='ltr'><strong>Inimicus</strong></span> <span class='ocrx_word' id='word_1_36' title='bbox 665 1263 845 1340; x_wconf 89' lang='lat' dir='ltr'><strong>esto,</strong></span> <span class='ocrx_word' id='word_1_37' title='bbox 884 1249 1205 1320; x_wconf 88' lang='lat' dir='ltr'><strong>donicum</strong></span> <span class='ocrx_word' id='word_1_38' title='bbox 1242 1273 1368 1345; x_wconf 85' lang='lat' dir='ltr'><strong>ego</strong></span> <span class='ocrx_word' id='word_1_39' title='bbox 1409 1273 1752 1319; x_wconf 84' lang='lat' dir='ltr'><strong>revenero.</strong></span> <span class='ocrx_word' id='word_1_40' title='bbox 2441 1328 2456 1341; x_wconf 23' lang='grc' dir='ltr'>ὁ</span> 
     </span>
     <span class='ocr_line' id='line_1_10' title="bbox 302 1357 2463 1454; baseline -0.004 -23"><span class='ocrx_word' id='word_1_41' title='bbox 302 1363 571 1454; x_wconf 84' lang='lat' dir='ltr'><strong>Corpus</strong></span> <span class='ocrx_word' id='word_1_42' title='bbox 613 1374 807 1432; x_wconf 89' lang='lat' dir='ltr'><strong>tuum</strong></span> <span class='ocrx_word' id='word_1_43' title='bbox 845 1360 1051 1454; x_wconf 84' lang='lat' dir='ltr'><strong>virgis</strong></span> <span class='ocrx_word' id='word_1_44' title='bbox 1087 1357 1326 1430; x_wconf 86' lang='lat' dir='ltr'><strong>ulmeis</strong></span> <span class='ocrx_word' id='word_1_45' title='bbox 1358 1359 1745 1428; x_wconf 82' lang='lat' dir='ltr'><strong>inscribam.</strong></span> <span class='ocrx_word' id='word_1_46' title='bbox 2409 1383 2463 1423; x_wconf 72' lang='grc'><strong>4..</strong></span> 
     </span>
     <span class='ocr_line' id='line_1_11' title="bbox 298 1445 2456 1564; baseline -0.002 -22"><span class='ocrx_word' id='word_1_47' title='bbox 298 1473 670 1564; x_wconf 81' lang='lat' dir='ltr'><strong>Nunquam</strong></span> <span class='ocrx_word' id='word_1_48' title='bbox 697 1469 785 1539; x_wconf 89' lang='lat' dir='ltr'><strong>ad</strong></span> <span class='ocrx_word' id='word_1_49' title='bbox 812 1471 1151 1540; x_wconf 84' lang='lat' dir='ltr'><strong>civitatem</strong></span> <span class='ocrx_word' id='word_1_50' title='bbox 1184 1471 1413 1556; x_wconf 87' lang='lat' dir='ltr'><strong>venio,</strong></span> <span class='ocrx_word' id='word_1_51' title='bbox 1448 1469 1580 1540; x_wconf 88' lang='lat' dir='ltr'><strong>nisi</strong></span> <span class='ocrx_word' id='word_1_52' title='bbox 1610 1493 1818 1564; x_wconf 89' lang='lat' dir='ltr'><strong>quom</strong></span> <span class='ocrx_word' id='word_1_53' title='bbox 1844 1459 2131 1537; x_wconf 87' lang='lat' dir='ltr'><strong>infertur</strong></span> <span class='ocrx_word' id='word_1_54' title='bbox 2158 1445 2456 1563; x_wconf 81' lang='lat' dir='ltr'><strong>peplum.</strong></span> 
     </span>
    </p>
   </div>
   <div class='ocr_carea' id='block_1_8' title="bbox 642 1578 1285 1650">
    <p class='ocr_par' dir='ltr' id='par_1_8' title="bbox 642 1578 1285 1650">
     <span class='ocr_line' id='line_1_12' title="bbox 642 1578 1285 1650; baseline -0.005 0"><span class='ocrx_word' id='word_1_55' title='bbox 642 1578 985 1650; x_wconf 83' lang='lat' dir='ltr'><strong>Scelerare</strong></span> <span class='ocrx_word' id='word_1_56' title='bbox 1020 1603 1285 1649; x_wconf 79' lang='lat' dir='ltr'><strong>manus,</strong></span> 
     </span>
    </p>
   </div>
   <div class='ocr_carea' id='block_1_9' title="bbox 297 1689 1375 1869">
    <p class='ocr_par' dir='ltr' id='par_1_9' title="bbox 297 1689 1375 1869">
     <span class='ocr_line' id='line_1_13' title="bbox 297 1689 1375 1782; baseline 0.001 -24"><span class='ocrx_word' id='word_1_57' title='bbox 297 1691 450 1782; x_wconf 86' lang='lat' dir='ltr'><strong>Ipsa</strong></span> <span class='ocrx_word' id='word_1_58' title='bbox 496 1689 623 1758; x_wconf 87' lang='lat' dir='ltr'><strong>sibi</strong></span> <span class='ocrx_word' id='word_1_59' title='bbox 660 1689 802 1759; x_wconf 84' lang='lat' dir='ltr'><strong>avis</strong></span> <span class='ocrx_word' id='word_1_60' title='bbox 841 1704 1129 1760; x_wconf 89' lang='lat' dir='ltr'><strong>mortem</strong></span> <span class='ocrx_word' id='word_1_61' title='bbox 1173 1702 1375 1759; x_wconf 88' lang='lat' dir='ltr'><strong>creat.</strong></span> 
     </span>
     <span class='ocr_line' id='line_1_14' title="bbox 298 1795 1367 1869; baseline -0.001 -1"><span class='ocrx_word' id='word_1_62' title='bbox 298 1800 431 1868; x_wconf 89' lang='lat' dir='ltr'><strong>Pro</strong></span> <span class='ocrx_word' id='word_1_63' title='bbox 473 1795 733 1868; x_wconf 87' lang='lat' dir='ltr'><strong>larvato</strong></span> <span class='ocrx_word' id='word_1_64' title='bbox 770 1813 835 1868; x_wconf 91' lang='lat' dir='ltr'><strong>te</strong></span> <span class='ocrx_word' id='word_1_65' title='bbox 866 1799 1367 1869; x_wconf 74' lang='lat' dir='ltr'><strong>circumferam.</strong></span> 
     </span>
    </p>
   </div>
   <div class='ocr_carea' id='block_1_10' title="bbox 298 1908 1231 2002">
    <p class='ocr_par' dir='ltr' id='par_1_10' title="bbox 298 1908 1231 2002">
     <span class='ocr_line' id='line_1_15' title="bbox 298 1908 1231 2002; baseline 0 -25"><span class='ocrx_word' id='word_1_66' title='bbox 298 1910 603 2002; x_wconf 87' lang='lat' dir='ltr'><strong>Paupera</strong></span> <span class='ocrx_word' id='word_1_67' title='bbox 647 1908 790 1979; x_wconf 83' lang='lat' dir='ltr'><strong>haec</strong></span> <span class='ocrx_word' id='word_1_68' title='bbox 830 1924 929 1978; x_wconf 86' lang='lat' dir='ltr'><strong>est</strong></span> <span class='ocrx_word' id='word_1_69' title='bbox 964 1908 1231 1979; x_wconf 89' lang='lat' dir='ltr'><strong>mulier.</strong></span> 
     </span>
    </p>
   </div>
   <div class='ocr_carea' id='block_1_11' title="bbox 2412 1928 2464 1975">
    <p class='ocr_par' dir='ltr' id='par_1_11' title="bbox 2412 1928 2464 1975">
     <span class='ocr_line' id='line_1_16' title="bbox 2412 1928 2464 1975; baseline 0 -9"><span class='ocrx_word' id='word_1_70' title='bbox 2412 1928 2464 1975; x_wconf 68' lang='lat'><strong>45</strong></span> 
     </span>
    </p>
   </div>
   <div class='ocr_carea' id='block_1_12' title="bbox 297 2017 1973 2662">
    <p class='ocr_par' dir='ltr' id='par_1_12' title="bbox 297 2017 1952 2662">
     <span class='ocr_line' id='line_1_17' title="bbox 566 2017 1839 2114; baseline -0.002 -26"><span class='ocrx_word' id='word_1_71' title='bbox 566 2070 878 2090; x_wconf 92' lang='grc'><strong>.......</strong></span> <span class='ocrx_word' id='word_1_72' title='bbox 905 2021 975 2089; x_wconf 89' lang='lat' dir='ltr'><strong>Si</strong></span> <span class='ocrx_word' id='word_1_73' title='bbox 1011 2044 1161 2114; x_wconf 87' lang='lat' dir='ltr'><strong>quae</strong></span> <span class='ocrx_word' id='word_1_74' title='bbox 1199 2017 1375 2088; x_wconf 88' lang='lat' dir='ltr'><strong>forte</strong></span> <span class='ocrx_word' id='word_1_75' title='bbox 1418 2017 1656 2086; x_wconf 89' lang='lat' dir='ltr'><strong>concio</strong></span> <span class='ocrx_word' id='word_1_76' title='bbox 1700 2031 1839 2103; x_wconf 87' lang='lat' dir='ltr'><strong>est,</strong></span> 
     </span>
     <span class='ocr_line' id='line_1_18' title="bbox 298 2127 1973 2224; baseline -0.002 -25"><span class='ocrx_word' id='word_1_77' title='bbox 298 2129 435 2199; x_wconf 88' lang='lat' dir='ltr'><strong>Ubi</strong></span> <span class='ocrx_word' id='word_1_78' title='bbox 480 2154 636 2199; x_wconf 89' lang='lat' dir='ltr'><strong>eum</strong></span> <span class='ocrx_word' id='word_1_79' title='bbox 676 2127 935 2224; x_wconf 85' lang='lat' dir='ltr'><strong>hietare</strong></span> <span class='ocrx_word' id='word_1_80' title='bbox 978 2128 1280 2214; x_wconf 76' lang='lat' dir='ltr'><strong>nondum</strong></span> <span class='ocrx_word' id='word_1_81' title='bbox 1327 2129 1399 2197; x_wconf 89' lang='lat' dir='ltr'><strong>in</strong></span> <span class='ocrx_word' id='word_1_82' title='bbox 1436 2142 1736 2200; x_wconf 83' lang='lat' dir='ltr'><strong>mentem</strong></span> <span class='ocrx_word' id='word_1_83' title='bbox 1765 2127 1973 2200; x_wconf 78' lang='lat' dir='ltr'><strong>venit.</strong></span> 
     </span>
     <span class='ocr_line' id='line_1_19' title="bbox 299 2219 1832 2332; baseline -0.001 -25"><span class='ocrx_word' id='word_1_84' title='bbox 299 2237 475 2308; x_wconf 81' lang='lat' dir='ltr'><strong>Cilix</strong></span> <span class='ocrx_word' id='word_1_85' title='bbox 496 2219 855 2332; x_wconf 75' lang='lat' dir='ltr'><strong>,Lycisce,</strong></span> <span class='ocrx_word' id='word_1_86' title='bbox 897 2238 1128 2322; x_wconf 81' lang='lat' dir='ltr'><strong>Sosia,</strong></span> <span class='ocrx_word' id='word_1_87' title='bbox 1157 2237 1432 2324; x_wconf 87' lang='lat' dir='ltr'><strong>Stiche‚</strong></span> <span class='ocrx_word' id='word_1_88' title='bbox 1462 2241 1832 2323; x_wconf 79' lang='lat' dir='ltr'><strong>parmene,</strong></span> 
     </span>
     <span class='ocr_line' id='line_1_20' title="bbox 297 2345 1778 2441; baseline 0.001 -26"><span class='ocrx_word' id='word_1_89' title='bbox 297 2347 530 2432; x_wconf 81' lang='lat' dir='ltr'><strong>Exite,</strong></span> <span class='ocrx_word' id='word_1_90' title='bbox 569 2361 637 2416; x_wconf 92' lang='lat' dir='ltr'><strong>et</strong></span> <span class='ocrx_word' id='word_1_91' title='bbox 679 2345 846 2416; x_wconf 87' lang='lat' dir='ltr'><strong>ferte</strong></span> <span class='ocrx_word' id='word_1_92' title='bbox 882 2347 1115 2416; x_wconf 86' lang='lat' dir='ltr'><strong>fusteis</strong></span> <span class='ocrx_word' id='word_1_93' title='bbox 1155 2346 1382 2441; x_wconf 81' lang='lat' dir='ltr'><strong>privos</strong></span> <span class='ocrx_word' id='word_1_94' title='bbox 1423 2347 1493 2415; x_wconf 88' lang='lat' dir='ltr'><strong>in</strong></span> <span class='ocrx_word' id='word_1_95' title='bbox 1536 2369 1778 2416; x_wconf 72' lang='lat' dir='ltr'><strong>manu...</strong></span> 
     </span>
     <span class='ocr_line' id='line_1_21' title="bbox 309 2455 1865 2552; baseline -0.001 -26"><span class='ocrx_word' id='word_1_96' title='bbox 309 2459 498 2526; x_wconf 87' lang='lat' dir='ltr'><strong>Anus</strong></span> <span class='ocrx_word' id='word_1_97' title='bbox 532 2456 674 2526; x_wconf 87' lang='lat' dir='ltr'><strong>haec</strong></span> <span class='ocrx_word' id='word_1_98' title='bbox 706 2455 969 2526; x_wconf 86' lang='lat' dir='ltr'><strong>inbellis</strong></span> <span class='ocrx_word' id='word_1_99' title='bbox 1012 2456 1385 2552; x_wconf 89' lang='lat' dir='ltr'><strong>periculum</strong></span> <span class='ocrx_word' id='word_1_100' title='bbox 1418 2455 1865 2551; x_wconf 79' lang='lat' dir='ltr'><strong>portenditur.</strong></span> 
     </span>
     <span class='ocr_line' id='line_1_22' title="bbox 306 2564 1672 2662; baseline -0.001 -26"><span class='ocrx_word' id='word_1_101' title='bbox 306 2569 579 2636; x_wconf 89' lang='lat' dir='ltr'><strong>Mecum</strong></span> <span class='ocrx_word' id='word_1_102' title='bbox 610 2564 817 2634; x_wconf 87' lang='lat' dir='ltr'><strong>habet</strong></span> <span class='ocrx_word' id='word_1_103' title='bbox 849 2581 1131 2662; x_wconf 84' lang='lat' dir='ltr'><strong>patagus</strong></span> <span class='ocrx_word' id='word_1_104' title='bbox 1152 2620 1173 2653; x_wconf 91' lang='lat'>‚</span> <span class='ocrx_word' id='word_1_105' title='bbox 1208 2566 1523 2652; x_wconf 74' lang='lat' dir='ltr'><strong>morbu8‚</strong></span> <span class='ocrx_word' id='word_1_106' title='bbox 1567 2591 1672 2636; x_wconf 83' lang='lat' dir='ltr'><strong>aes.</strong></span> 
     </span>
    </p>
   </div>
   <div class='ocr_carea' id='block_1_13' title="bbox 374 2779 1326 2853">
    <p class='ocr_par' dir='ltr' id='par_1_13' title="bbox 374 2779 1326 2853">
     <span class='ocr_line' id='line_1_23' title="bbox 374 2779 1326 2853; baseline 0.004 -20"><span class='ocrx_word' id='word_1_107' title='bbox 374 2779 405 2833; x_wconf 84' lang='lat'>3</span> <span class='ocrx_word' id='word_1_108' title='bbox 416 2787 468 2845; x_wconf 84' lang='grc'><strong>4.</strong></span> <span class='ocrx_word' id='word_1_109' title='bbox 493 2779 829 2851; x_wconf 70' lang='grc' dir='ltr'><strong>(ὶιιαηιΙοὶίεὶε</strong></span> <span class='ocrx_word' id='word_1_110' title='bbox 843 2819 863 2847; x_wconf 82' lang='grc'><em>,</em></span> <span class='ocrx_word' id='word_1_111' title='bbox 881 2792 983 2836; x_wconf 84' lang='lat' dir='ltr'><strong>ete.</strong></span> <span class='ocrx_word' id='word_1_112' title='bbox 1010 2801 1095 2853; x_wconf 81' lang='lat' dir='ltr'><strong>ap.</strong></span> <span class='ocrx_word' id='word_1_113' title='bbox 1118 2783 1326 2837; x_wconf 84' lang='lat' dir='ltr'><strong>Philar-</strong></span> 
     </span>
    </p>
   </div>
   <div class='ocr_carea' id='block_1_14' title="bbox 260 2859 1323 3884">
    <p class='ocr_par' dir='ltr' id='par_1_14' title="bbox 292 2859 1092 2934">
     <span class='ocr_line' id='line_1_24' title="bbox 292 2859 1092 2934; baseline 0.003 -20"><span class='ocrx_word' id='word_1_114' title='bbox 292 2879 409 2934; x_wconf 74' lang='lat' dir='ltr'><strong>gyr.</strong></span> <span class='ocrx_word' id='word_1_115' title='bbox 438 2859 507 2914; x_wconf 85' lang='lat' dir='ltr'><strong>ad</strong></span> <span class='ocrx_word' id='word_1_116' title='bbox 528 2861 686 2932; x_wconf 84' lang='lat' dir='ltr'><strong>Virg.</strong></span> <span class='ocrx_word' id='word_1_117' title='bbox 714 2863 837 2915; x_wconf 85' lang='lat' dir='ltr'><strong>AEn.</strong></span> <span class='ocrx_word' id='word_1_118' title='bbox 862 2863 966 2927; x_wconf 83' lang='lat' dir='ltr'><strong>IV,</strong></span> <span class='ocrx_word' id='word_1_119' title='bbox 996 2881 1092 2932; x_wconf 90' lang='lat'><strong>71.</strong></span> 
     </span>
    </p>

    <p class='ocr_par' dir='ltr' id='par_1_15' title="bbox 260 2940 1323 3165">
     <span class='ocr_line' id='line_1_25' title="bbox 372 2940 1319 3011; baseline 0 -17"><span class='ocrx_word' id='word_1_120' title='bbox 372 2940 469 2995; x_wconf 82' lang='lat'><strong>35.</strong></span> <span class='ocrx_word' id='word_1_121' title='bbox 492 2941 609 2994; x_wconf 77' lang='lat' dir='ltr'><strong>Non</strong></span> <span class='ocrx_word' id='word_1_122' title='bbox 638 2941 715 2991; x_wconf 84' lang='grc' dir='ltr'><strong>Ιιίσ</strong></span> <span class='ocrx_word' id='word_1_123' title='bbox 742 2953 825 3006; x_wconf 80' lang='lat' dir='ltr'><strong>ut,</strong></span> <span class='ocrx_word' id='word_1_124' title='bbox 854 2955 956 2996; x_wconf 85' lang='lat' dir='ltr'><strong>ete.</strong></span> <span class='ocrx_word' id='word_1_125' title='bbox 988 2940 1132 3011; x_wconf 85' lang='lat' dir='ltr'><strong>apud</strong></span> <span class='ocrx_word' id='word_1_126' title='bbox 1152 2941 1319 2994; x_wconf 79' lang='lat' dir='ltr'><strong>Isaac.</strong></span> 
     </span>
     <span class='ocr_line' id='line_1_26' title="bbox 260 3017 1323 3087; baseline 0.003 -15"><span class='ocrx_word' id='word_1_127' title='bbox 260 3023 269 3027; x_wconf 87' lang='grc'><strong>’</strong></span> <span class='ocrx_word' id='word_1_128' title='bbox 290 3021 517 3073; x_wconf 77' lang='lat' dir='ltr'><strong>Pontan.</strong></span> <span class='ocrx_word' id='word_1_129' title='bbox 562 3017 632 3072; x_wconf 81' lang='lat' dir='ltr'><strong>ad</strong></span> <span class='ocrx_word' id='word_1_130' title='bbox 682 3020 928 3075; x_wconf 62' lang='grc' dir='ltr'><strong>Πιστοῦ.</strong></span> <span class='ocrx_word' id='word_1_131' title='bbox 974 3023 1081 3075; x_wconf 70' lang='lat' dir='ltr'><strong>Set.</strong></span> <span class='ocrx_word' id='word_1_132' title='bbox 1120 3023 1205 3087; x_wconf 88' lang='lat'><strong>11,</strong></span> <span class='ocrx_word' id='word_1_133' title='bbox 1242 3017 1281 3075; x_wconf 80' lang='lat'><strong>&#39;8</strong></span> <span class='ocrx_word' id='word_1_134' title='bbox 1301 3058 1323 3087; x_wconf 80' lang='lat'><strong>‚</strong></span> 
     </span>
     <span class='ocr_line' id='line_1_27' title="bbox 293 3101 551 3165; baseline 0.004 -15"><span class='ocrx_word' id='word_1_135' title='bbox 293 3101 426 3165; x_wconf 86' lang='lat' dir='ltr'><strong>vn,</strong></span> <span class='ocrx_word' id='word_1_136' title='bbox 461 3103 551 3153; x_wconf 87' lang='lat'><strong>16.</strong></span> 
     </span>
    </p>

    <p class='ocr_par' dir='ltr' id='par_1_16' title="bbox 290 3179 1315 3330">
     <span class='ocr_line' id='line_1_28' title="bbox 373 3179 1315 3252; baseline -0.003 -18"><span class='ocrx_word' id='word_1_137' title='bbox 373 3180 464 3234; x_wconf 84' lang='lat'><strong>36.</strong></span> <span class='ocrx_word' id='word_1_138' title='bbox 486 3179 718 3231; x_wconf 79' lang='lat' dir='ltr'><strong>Fortasse</strong></span> <span class='ocrx_word' id='word_1_139' title='bbox 747 3191 823 3244; x_wconf 84' lang='lat' dir='ltr'><strong>te,</strong></span> <span class='ocrx_word' id='word_1_140' title='bbox 850 3194 951 3234; x_wconf 85' lang='lat' dir='ltr'><strong>ete.</strong></span> <span class='ocrx_word' id='word_1_141' title='bbox 984 3199 1073 3252; x_wconf 81' lang='lat' dir='ltr'><strong>ap.</strong></span> <span class='ocrx_word' id='word_1_142' title='bbox 1111 3179 1315 3231; x_wconf 79' lang='lat' dir='ltr'><strong>Donat.</strong></span> 
     </span>
     <span class='ocr_line' id='line_1_29' title="bbox 290 3257 1093 3330; baseline 0 -18"><span class='ocrx_word' id='word_1_143' title='bbox 290 3257 355 3312; x_wconf 71' lang='lat' dir='ltr'><strong>nd</strong></span> <span class='ocrx_word' id='word_1_144' title='bbox 385 3259 511 3312; x_wconf 85' lang='lat' dir='ltr'><strong>Ter.</strong></span> <span class='ocrx_word' id='word_1_145' title='bbox 538 3258 736 3330; x_wconf 82' lang='lat' dir='ltr'><strong>Heeyr.</strong></span> <span class='ocrx_word' id='word_1_146' title='bbox 764 3259 883 3325; x_wconf 90' lang='lat'>111,</span> <span class='ocrx_word' id='word_1_147' title='bbox 919 3277 969 3325; x_wconf 88' lang='lat'><strong>1,</strong></span> <span class='ocrx_word' id='word_1_148' title='bbox 1002 3257 1093 3314; x_wconf 91' lang='grc'><strong>33.</strong></span> 
     </span>
    </p>

    <p class='ocr_par' dir='ltr' id='par_1_17' title="bbox 290 3335 1319 3488">
     <span class='ocr_line' id='line_1_30' title="bbox 372 3335 1319 3410; baseline 0.002 -21"><span class='ocrx_word' id='word_1_149' title='bbox 372 3335 465 3392; x_wconf 90' lang='grc'><strong>38.</strong></span> <span class='ocrx_word' id='word_1_150' title='bbox 503 3339 715 3408; x_wconf 74' lang='lat' dir='ltr'><strong>Egone,</strong></span> <span class='ocrx_word' id='word_1_151' title='bbox 762 3351 865 3392; x_wconf 87' lang='lat' dir='ltr'><strong>etc.</strong></span> <span class='ocrx_word' id='word_1_152' title='bbox 890 3335 1037 3410; x_wconf 80' lang='lat' dir='ltr'><strong>apud</strong></span> <span class='ocrx_word' id='word_1_153' title='bbox 1067 3335 1319 3392; x_wconf 85' lang='lat' dir='ltr'><strong>Diomed.</strong></span> 
     </span>
     <span class='ocr_line' id='line_1_31' title="bbox 290 3415 850 3488; baseline 0.002 -19"><span class='ocrx_word' id='word_1_154' title='bbox 290 3415 377 3470; x_wconf 84' lang='lat' dir='ltr'><strong>ed.</strong></span> <span class='ocrx_word' id='word_1_155' title='bbox 402 3417 617 3470; x_wconf 81' lang='lat' dir='ltr'><strong>Pntsch.</strong></span> <span class='ocrx_word' id='word_1_156' title='bbox 639 3437 697 3488; x_wconf 87' lang='lat' dir='ltr'><strong>p.</strong></span> <span class='ocrx_word' id='word_1_157' title='bbox 716 3417 850 3471; x_wconf 83' lang='lat'><strong>365.</strong></span> 
     </span>
    </p>

    <p class='ocr_par' dir='ltr' id='par_1_18' title="bbox 288 3493 1320 3724">
     <span class='ocr_line' id='line_1_32' title="bbox 368 3493 1320 3566; baseline -0.003 -16"><span class='ocrx_word' id='word_1_158' title='bbox 368 3497 466 3564; x_wconf 82' lang='lat'><strong>39.</strong></span> <span class='ocrx_word' id='word_1_159' title='bbox 487 3498 715 3550; x_wconf 78' lang='lat' dir='ltr'><strong>Inimicus</strong></span> <span class='ocrx_word' id='word_1_160' title='bbox 735 3509 839 3548; x_wconf 80' lang='lat' dir='ltr'><strong>esto</strong></span> <span class='ocrx_word' id='word_1_161' title='bbox 852 3536 868 3563; x_wconf 92' lang='lat'>,</span> <span class='ocrx_word' id='word_1_162' title='bbox 888 3508 993 3550; x_wconf 85' lang='lat' dir='ltr'><strong>etc.</strong></span> <span class='ocrx_word' id='word_1_163' title='bbox 1016 3515 1103 3566; x_wconf 79' lang='lat' dir='ltr'><strong>ap.</strong></span> <span class='ocrx_word' id='word_1_164' title='bbox 1136 3493 1320 3548; x_wconf 81' lang='lat' dir='ltr'><strong>Chari-</strong></span> 
     </span>
     <span class='ocr_line' id='line_1_33' title="bbox 290 3575 1315 3648; baseline -0.003 -18"><span class='ocrx_word' id='word_1_165' title='bbox 290 3576 427 3630; x_wconf 79' lang='lat' dir='ltr'><strong>sium</strong></span> <span class='ocrx_word' id='word_1_166' title='bbox 446 3575 533 3629; x_wconf 85' lang='lat' dir='ltr'><strong>ed.</strong></span> <span class='ocrx_word' id='word_1_167' title='bbox 556 3576 770 3631; x_wconf 66' lang='lat' dir='ltr'><strong>putsch.</strong></span> <span class='ocrx_word' id='word_1_168' title='bbox 792 3595 915 3648; x_wconf 74' lang='lat' dir='ltr'><strong>pag.</strong></span> <span class='ocrx_word' id='word_1_169' title='bbox 938 3594 962 3629; x_wconf 85' lang='lat'>1</span> <span class='ocrx_word' id='word_1_170' title='bbox 976 3579 1071 3647; x_wconf 86' lang='lat'><strong>78.</strong></span> <span class='ocrx_word' id='word_1_171' title='bbox 1090 3575 1315 3628; x_wconf 77' lang='lat' dir='ltr'><strong>Bothius</strong></span> 
     </span>
     <span class='ocr_line' id='line_1_34' title="bbox 288 3654 955 3724; baseline -0.003 -15"><span class='ocrx_word' id='word_1_172' title='bbox 288 3654 507 3724; x_wconf 82' lang='lat' dir='ltr'><strong>corrigit</strong></span> <span class='ocrx_word' id='word_1_173' title='bbox 527 3656 661 3707; x_wconf 70' lang='lat' dir='ltr'><em>Inibi</em></span> <span class='ocrx_word' id='word_1_174' title='bbox 682 3660 810 3708; x_wconf 79' lang='lat' dir='ltr'><strong>intus</strong></span> <span class='ocrx_word' id='word_1_175' title='bbox 836 3668 955 3708; x_wconf 81' lang='lat' dir='ltr'><strong>esto.</strong></span> 
     </span>
    </p>

    <p class='ocr_par' dir='ltr' id='par_1_19' title="bbox 287 3734 1315 3884">
     <span class='ocr_line' id='line_1_35' title="bbox 368 3734 1315 3806; baseline 0.001 -21"><span class='ocrx_word' id='word_1_176' title='bbox 368 3742 461 3800; x_wconf 69' lang='lat'><strong>40.</strong></span> <span class='ocrx_word' id='word_1_177' title='bbox 483 3735 673 3806; x_wconf 77' lang='lat' dir='ltr'><strong>Corpus</strong></span> <span class='ocrx_word' id='word_1_178' title='bbox 709 3747 841 3787; x_wconf 78' lang='lat' dir='ltr'><strong>tuum</strong></span> <span class='ocrx_word' id='word_1_179' title='bbox 858 3770 877 3799; x_wconf 87' lang='lat'>‚</span> <span class='ocrx_word' id='word_1_180' title='bbox 910 3746 1017 3788; x_wconf 68' lang='lat' dir='ltr'><strong>etc-¹</strong></span> <span class='ocrx_word' id='word_1_181' title='bbox 1050 3751 1139 3804; x_wconf 79' lang='lat' dir='ltr'><strong>ap.</strong></span> <span class='ocrx_word' id='word_1_182' title='bbox 1163 3734 1315 3786; x_wconf 78' lang='lat' dir='ltr'><strong>Serv.</strong></span> 
     </span>
     <span class='ocr_line' id='line_1_36' title="bbox 287 3812 749 3884; baseline 0.004 -18"><span class='ocrx_word' id='word_1_183' title='bbox 287 3812 354 3867; x_wconf 87' lang='lat' dir='ltr'><strong>ad</strong></span> <span class='ocrx_word' id='word_1_184' title='bbox 376 3817 499 3866; x_wconf 84' lang='lat' dir='ltr'><strong>AEn.</strong></span> <span class='ocrx_word' id='word_1_185' title='bbox 534 3815 587 3878; x_wconf 78' lang='lat'><strong>1,</strong></span> <span class='ocrx_word' id='word_1_186' title='bbox 616 3817 749 3884; x_wconf 84' lang='grc'><strong>478.</strong></span> 
     </span>
    </p>
   </div>
   <div class='ocr_carea' id='block_1_15' title="bbox 184 3891 1317 3966">
    <p class='ocr_par' dir='ltr' id='par_1_20' title="bbox 184 3891 1317 3966">
     <span class='ocr_line' id='line_1_37' title="bbox 184 3891 1317 3966; baseline -0.003 -19"><span class='ocrx_word' id='word_1_187' title='bbox 184 3894 190 3901; x_wconf 77' lang='grc'><strong><em>’</em></strong></span> <span class='ocrx_word' id='word_1_188' title='bbox 264 3901 270 3906; x_wconf 75' lang='grc'><strong>’</strong></span> <span class='ocrx_word' id='word_1_189' title='bbox 366 3899 459 3956; x_wconf 85' lang='grc' dir='ltr'><strong>4ῐ.</strong></span> <span class='ocrx_word' id='word_1_190' title='bbox 506 3892 770 3966; x_wconf 77' lang='lat' dir='ltr'><strong>Nunquam</strong></span> <span class='ocrx_word' id='word_1_191' title='bbox 816 3893 889 3946; x_wconf 80' lang='lat' dir='ltr'><strong>ad</strong></span> <span class='ocrx_word' id='word_1_192' title='bbox 930 3895 1188 3946; x_wconf 69' lang='lat' dir='ltr'><strong>civitatem.</strong></span> <span class='ocrx_word' id='word_1_193' title='bbox 1234 3891 1317 3944; x_wconf 88' lang='lat' dir='ltr'><strong>De</strong></span> 
     </span>
    </p>
   </div>
   <div class='ocr_carea' id='block_1_16' title="bbox 284 3971 1316 4294">
    <p class='ocr_par' dir='ltr' id='par_1_21' title="bbox 284 3971 1316 4276">
     <span class='ocr_line' id='line_1_38' title="bbox 286 3971 1316 4046; baseline -0.004 -20"><span class='ocrx_word' id='word_1_194' title='bbox 286 3974 323 4026; x_wconf 86' lang='lat' dir='ltr'>h</span> <span class='ocrx_word' id='word_1_195' title='bbox 342 3971 665 4026; x_wconf 78' lang='lat' dir='ltr'><strong>ocMinervae</strong></span> <span class='ocrx_word' id='word_1_196' title='bbox 699 3973 863 4046; x_wconf 59' lang='lat' dir='ltr'><strong>peffio</strong></span> <span class='ocrx_word' id='word_1_197' title='bbox 890 3974 1002 4027; x_wconf 75' lang='lat' dir='ltr'><strong>sive</strong></span> <span class='ocrx_word' id='word_1_198' title='bbox 1026 3971 1195 4044; x_wconf 83' lang='lat' dir='ltr'><strong>palla,</strong></span> <span class='ocrx_word' id='word_1_199' title='bbox 1232 3971 1316 4022; x_wconf 78' lang='lat' dir='ltr'><strong>vi-</strong></span> 
     </span>
     <span class='ocr_line' id='line_1_39' title="bbox 284 4049 1315 4122; baseline -0.001 -17"><span class='ocrx_word' id='word_1_200' title='bbox 284 4051 513 4105; x_wconf 80' lang='lat' dir='ltr'><strong>deantur</strong></span> <span class='ocrx_word' id='word_1_201' title='bbox 558 4069 677 4122; x_wconf 63' lang='lat' dir='ltr'><strong>qun</strong></span> <span class='ocrx_word' id='word_1_202' title='bbox 728 4049 1035 4106; x_wconf 75' lang='lat' dir='ltr'><strong>notavimus</strong></span> <span class='ocrx_word' id='word_1_203' title='bbox 1090 4052 1315 4104; x_wconf 76' lang='lat' dir='ltr'><strong>Mercat-</strong></span> 
     </span>
     <span class='ocr_line' id='line_1_40' title="bbox 285 4129 1315 4206; baseline -0.002 -21"><span class='ocrx_word' id='word_1_204' title='bbox 285 4134 343 4190; x_wconf 90' lang='lat'><strong>1,</strong></span> <span class='ocrx_word' id='word_1_205' title='bbox 380 4147 433 4196; x_wconf 75' lang='lat' dir='ltr'><strong>r,</strong></span> <span class='ocrx_word' id='word_1_206' title='bbox 459 4135 551 4200; x_wconf 90' lang='grc'><strong>67.</strong></span> <span class='ocrx_word' id='word_1_207' title='bbox 576 4161 657 4172; x_wconf 91' lang='lat'><strong>-—</strong></span> <span class='ocrx_word' id='word_1_208' title='bbox 690 4133 987 4206; x_wconf 74' lang='lat' dir='ltr'><strong>Nunquam,</strong></span> <span class='ocrx_word' id='word_1_209' title='bbox 1029 4145 1131 4186; x_wconf 81' lang='lat' dir='ltr'><strong>etc.</strong></span> <span class='ocrx_word' id='word_1_210' title='bbox 1170 4129 1315 4203; x_wconf 80' lang='lat' dir='ltr'><strong>apud</strong></span> 
     </span>
     <span class='ocr_line' id='line_1_41' title="bbox 284 4206 809 4294; baseline -0.004 -25"><span class='ocrx_word' id='word_1_211' title='bbox 284 4210 433 4268; x_wconf 75' lang='lat' dir='ltr'><strong>Serv.</strong></span> <span class='ocrx_word' id='word_1_212' title='bbox 445 4206 571 4264; x_wconf 65' lang='grc' dir='ltr'><strong>,ΕΠ</strong></span> <span class='ocrx_word' id='word_1_213' title='bbox 595 4212 653 4277; x_wconf 87' lang='lat' dir='ltr'><strong>I,</strong></span> <span class='ocrx_word' id='word_1_214' title='bbox 680 4215 809 4294; x_wconf 75' lang='grc'><strong>480.</strong></span> 
     </span>
    </p>
   </div>
   <div class='ocr_carea' id='block_1_17' title="bbox 1403 2778 2450 4284">
    <p class='ocr_par' dir='ltr' id='par_1_22' title="bbox 1412 2778 2450 2993">
     <span class='ocr_line' id='line_1_42' title="bbox 1498 2778 2448 2855; baseline -0.002 -21"><span class='ocrx_word' id='word_1_215' title='bbox 1498 2785 1591 2845; x_wconf 56' lang='grc'><strong>4».</strong></span> <span class='ocrx_word' id='word_1_216' title='bbox 1628 2778 1874 2832; x_wconf 73' lang='lat' dir='ltr'><strong>Scelerum</strong></span> <span class='ocrx_word' id='word_1_217' title='bbox 1908 2798 2077 2833; x_wconf 77' lang='lat' dir='ltr'><strong>manus</strong></span> <span class='ocrx_word' id='word_1_218' title='bbox 2092 2818 2110 2846; x_wconf 84' lang='lat'>,</span> <span class='ocrx_word' id='word_1_219' title='bbox 2153 2799 2284 2852; x_wconf 68' lang='lat' dir='ltr'><strong>pro»,</strong></span> <span class='ocrx_word' id='word_1_220' title='bbox 2329 2787 2448 2855; x_wconf 83' lang='lat' dir='ltr'><strong>pol.</strong></span> 
     </span>
     <span class='ocr_line' id='line_1_43' title="bbox 1412 2859 2450 2927; baseline 0.007 -15"><span class='ocrx_word' id='word_1_221' title='bbox 1412 2861 1562 2914; x_wconf 85' lang='lat' dir='ltr'><strong>luere</strong></span> <span class='ocrx_word' id='word_1_222' title='bbox 1580 2893 1596 2922; x_wconf 87' lang='lat'>‚</span> <span class='ocrx_word' id='word_1_223' title='bbox 1629 2859 1910 2912; x_wconf 81' lang='lat' dir='ltr'><strong>Plautinus</strong></span> <span class='ocrx_word' id='word_1_224' title='bbox 1930 2878 2131 2927; x_wconf 76' lang='lat' dir='ltr'><strong>sermo,</strong></span> <span class='ocrx_word' id='word_1_225' title='bbox 2151 2861 2317 2918; x_wconf 83' lang='lat' dir='ltr'><strong>hodie</strong></span> <span class='ocrx_word' id='word_1_226' title='bbox 2337 2885 2450 2919; x_wconf 84' lang='lat' dir='ltr'><strong>non</strong></span> 
     </span>
     <span class='ocr_line' id='line_1_44' title="bbox 1412 2939 2152 2993; baseline -0.003 0"><span class='ocrx_word' id='word_1_227' title='bbox 1412 2940 1469 2993; x_wconf 89' lang='lat' dir='ltr'><strong>in</strong></span> <span class='ocrx_word' id='word_1_228' title='bbox 1492 2959 1612 2992; x_wconf 85' lang='lat' dir='ltr'><strong>usu.</strong></span> <span class='ocrx_word' id='word_1_229' title='bbox 1642 2939 1808 2993; x_wconf 72' lang='lat' dir='ltr'><strong>Snnv.</strong></span> <span class='ocrx_word' id='word_1_230' title='bbox 2146 2955 2152 2962; x_wconf 87' lang='lat'><strong>·</strong></span> 
     </span>
    </p>

    <p class='ocr_par' dir='ltr' id='par_1_23' title="bbox 1410 3017 2448 3155">
     <span class='ocr_line' id='line_1_45' title="bbox 1494 3017 2448 3091; baseline 0.004 -18"><span class='ocrx_word' id='word_1_231' title='bbox 1494 3021 1586 3083; x_wconf 82' lang='grc'><strong>43.</strong></span> <span class='ocrx_word' id='word_1_232' title='bbox 1622 3019 1740 3089; x_wconf 81' lang='lat' dir='ltr'><strong>Ipsa</strong></span> <span class='ocrx_word' id='word_1_233' title='bbox 1787 3017 1910 3085; x_wconf 76' lang='lat' dir='ltr'><em>sibi,</em></span> <span class='ocrx_word' id='word_1_234' title='bbox 1943 3032 2044 3072; x_wconf 85' lang='lat' dir='ltr'><strong>etc.</strong></span> <span class='ocrx_word' id='word_1_235' title='bbox 2090 3019 2252 3091; x_wconf 78' lang='lat' dir='ltr'><strong>Apud</strong></span> <span class='ocrx_word' id='word_1_236' title='bbox 2297 3022 2448 3077; x_wconf 80' lang='lat' dir='ltr'><strong>Serv.</strong></span> 
     </span>
     <span class='ocr_line' id='line_1_46' title="bbox 1410 3095 1825 3162; baseline -0.003 -12"><span class='ocrx_word' id='word_1_237' title='bbox 1410 3101 1533 3155; x_wconf 84' lang='lat' dir='ltr'><strong>AEn.</strong></span> <span class='ocrx_word' id='word_1_238' title='bbox 1559 3099 1672 3162; x_wconf 87' lang='lat' dir='ltr'><strong>VI,</strong></span> <span class='ocrx_word' id='word_1_239' title='bbox 1703 3095 1825 3154; x_wconf 77' lang='lat'><strong>205.</strong></span> 
     </span>
    </p>

    <p class='ocr_par' dir='ltr' id='par_1_24' title="bbox 1406 3177 2439 3408">
     <span class='ocr_line' id='line_1_47' title="bbox 1493 3177 2439 3248; baseline 0.011 -22"><span class='ocrx_word' id='word_1_240' title='bbox 1493 3183 1586 3241; x_wconf 75' lang='grc'><strong>44.</strong></span> <span class='ocrx_word' id='word_1_241' title='bbox 1623 3177 1727 3229; x_wconf 81' lang='lat' dir='ltr'><strong>Pro</strong></span> <span class='ocrx_word' id='word_1_242' title='bbox 1762 3179 1960 3230; x_wconf 59' lang='lat' dir='ltr'><strong>Itu-vato</strong></span> <span class='ocrx_word' id='word_1_243' title='bbox 1992 3190 2039 3228; x_wconf 61' lang='lat' dir='ltr'><strong>te</strong></span> <span class='ocrx_word' id='word_1_244' title='bbox 2081 3182 2312 3248; x_wconf 81' lang='lat' dir='ltr'><strong>circumfe</strong></span> <span class='ocrx_word' id='word_1_245' title='bbox 2289 3203 2439 3237; x_wconf 74' lang='lat' dir='ltr'><strong>e.t·am</strong></span> 
     </span>
     <span class='ocr_line' id='line_1_48' title="bbox 1407 3256 2436 3329; baseline 0.007 -21"><span class='ocrx_word' id='word_1_246' title='bbox 1407 3257 1604 3329; x_wconf 82' lang='lat' dir='ltr'><strong>Amph.</strong></span> <span class='ocrx_word' id='word_1_247' title='bbox 1626 3256 1708 3322; x_wconf 89' lang='grc' dir='ltr'><strong>ΙΙ,</strong></span> <span class='ocrx_word' id='word_1_248' title='bbox 1738 3277 1793 3319; x_wconf 80' lang='lat'><strong>2,</strong></span> <span class='ocrx_word' id='word_1_249' title='bbox 1822 3262 1954 3319; x_wconf 71' lang='lat'><strong>144.</strong></span> <span class='ocrx_word' id='word_1_250' title='bbox 1982 3287 2064 3300; x_wconf 88' lang='lat'><strong>—-</strong></span> <span class='ocrx_word' id='word_1_251' title='bbox 2091 3257 2195 3310; x_wconf 82' lang='lat' dir='ltr'><strong>Pro</strong></span> <span class='ocrx_word' id='word_1_252' title='bbox 2216 3261 2436 3329; x_wconf 72' lang='lat' dir='ltr'><strong>lar-vato,</strong></span> 
     </span>
     <span class='ocr_line' id='line_1_49' title="bbox 1406 3335 2319 3408; baseline 0.004 -19"><span class='ocrx_word' id='word_1_253' title='bbox 1406 3349 1509 3389; x_wconf 78' lang='lat' dir='ltr'><strong>etc.</strong></span> <span class='ocrx_word' id='word_1_254' title='bbox 1541 3335 1688 3408; x_wconf 84' lang='lat' dir='ltr'><strong>apud</strong></span> <span class='ocrx_word' id='word_1_255' title='bbox 1710 3335 1860 3388; x_wconf 76' lang='lat' dir='ltr'><strong>Serv.</strong></span> <span class='ocrx_word' id='word_1_256' title='bbox 1891 3341 2012 3389; x_wconf 84' lang='lat' dir='ltr'><strong>AEn.</strong></span> <span class='ocrx_word' id='word_1_257' title='bbox 2038 3338 2150 3402; x_wconf 86' lang='lat' dir='ltr'><strong>vl,</strong></span> <span class='ocrx_word' id='word_1_258' title='bbox 2188 3343 2319 3394; x_wconf 79' lang='lat'><strong>228.</strong></span> 
     </span>
    </p>

    <p class='ocr_par' dir='ltr' id='par_1_25' title="bbox 1492 3415 2449 3490">
     <span class='ocr_line' id='line_1_50' title="bbox 1492 3415 2449 3490; baseline 0.01 -25"><span class='ocrx_word' id='word_1_259' title='bbox 1492 3417 1584 3478; x_wconf 82' lang='grc'><strong>45.</strong></span> <span class='ocrx_word' id='word_1_260' title='bbox 1613 3415 1872 3486; x_wconf 78' lang='lat' dir='ltr'><strong>Pauper-a,</strong></span> <span class='ocrx_word' id='word_1_261' title='bbox 1905 3417 2014 3468; x_wconf 58' lang='lat' dir='ltr'><strong>etc:</strong></span> <span class='ocrx_word' id='word_1_262' title='bbox 2041 3417 2116 3469; x_wconf 88' lang='lat' dir='ltr'><strong>ib.</strong></span> <span class='ocrx_word' id='word_1_263' title='bbox 2136 3417 2278 3484; x_wconf 86' lang='lat' dir='ltr'>XII,</span> <span class='ocrx_word' id='word_1_264' title='bbox 2313 3420 2449 3490; x_wconf 85' lang='lat'><strong>519.</strong></span> 
     </span>
    </p>

    <p class='ocr_par' dir='ltr' id='par_1_26' title="bbox 1406 3493 2447 3645">
     <span class='ocr_line' id='line_1_51' title="bbox 1490 3493 2447 3568; baseline 0.005 -21"><span class='ocrx_word' id='word_1_265' title='bbox 1490 3500 1585 3560; x_wconf 89' lang='grc'><strong>46.</strong></span> <span class='ocrx_word' id='word_1_266' title='bbox 1610 3493 1668 3548; x_wconf 69' lang='lat' dir='ltr'><strong>Sa·</strong></span> <span class='ocrx_word' id='word_1_267' title='bbox 1696 3515 1804 3566; x_wconf 84' lang='lat' dir='ltr'><strong>quoe</strong></span> <span class='ocrx_word' id='word_1_268' title='bbox 1824 3497 1988 3562; x_wconf 79' lang='lat' dir='ltr'><strong>forte,</strong></span> <span class='ocrx_word' id='word_1_269' title='bbox 2009 3497 2288 3568; x_wconf 57' lang='lat' dir='ltr'><strong>etccapud</strong></span> <span class='ocrx_word' id='word_1_270' title='bbox 2318 3502 2447 3552; x_wconf 76' lang='lat' dir='ltr'><strong>Dio-</strong></span> 
     </span>
     <span class='ocr_line' id='line_1_52' title="bbox 1406 3573 1798 3645; baseline 0.005 -19"><span class='ocrx_word' id='word_1_271' title='bbox 1406 3573 1552 3627; x_wconf 78' lang='lat' dir='ltr'><strong>med.</strong></span> <span class='ocrx_word' id='word_1_272' title='bbox 1577 3589 1635 3645; x_wconf 83' lang='lat' dir='ltr'><strong>p.</strong></span> <span class='ocrx_word' id='word_1_273' title='bbox 1666 3573 1798 3628; x_wconf 79' lang='lat'><strong>336.</strong></span> 
     </span>
    </p>

    <p class='ocr_par' dir='ltr' id='par_1_27' title="bbox 1406 3653 2439 3797">
     <span class='ocr_line' id='line_1_53' title="bbox 1488 3653 2439 3726; baseline 0.003 -19"><span class='ocrx_word' id='word_1_274' title='bbox 1488 3655 1582 3716; x_wconf 87' lang='grc'><strong>48.</strong></span> <span class='ocrx_word' id='word_1_275' title='bbox 1622 3654 1786 3719; x_wconf 69' lang='lat' dir='ltr'><strong>Cilix,</strong></span> <span class='ocrx_word' id='word_1_276' title='bbox 1823 3666 1928 3708; x_wconf 84' lang='lat' dir='ltr'><strong>etc.</strong></span> <span class='ocrx_word' id='word_1_277' title='bbox 1969 3653 2116 3725; x_wconf 83' lang='lat' dir='ltr'><strong>apud</strong></span> <span class='ocrx_word' id='word_1_278' title='bbox 2158 3655 2439 3726; x_wconf 83' lang='lat' dir='ltr'><strong>interpret.</strong></span> 
     </span>
     <span class='ocr_line' id='line_1_54' title="bbox 1406 3732 2155 3797; baseline -0.003 -11"><span class='ocrx_word' id='word_1_279' title='bbox 1406 3733 1599 3786; x_wconf 83' lang='lat' dir='ltr'><strong>Horat.</strong></span> <span class='ocrx_word' id='word_1_280' title='bbox 1627 3732 1697 3785; x_wconf 83' lang='lat' dir='ltr'><strong>ad</strong></span> <span class='ocrx_word' id='word_1_281' title='bbox 1720 3735 1827 3786; x_wconf 83' lang='lat' dir='ltr'><strong>Sat.</strong></span> <span class='ocrx_word' id='word_1_282' title='bbox 1851 3734 1938 3786; x_wconf 90' lang='grc' dir='ltr'><strong>ΙΙ.</strong></span> <span class='ocrx_word' id='word_1_283' title='bbox 1973 3735 2027 3797; x_wconf 85' lang='grc'><strong>5,</strong></span> <span class='ocrx_word' id='word_1_284' title='bbox 2064 3750 2086 3784; x_wconf 90' lang='lat'>1</span> <span class='ocrx_word' id='word_1_285' title='bbox 2106 3750 2155 3784; x_wconf 78' lang='grc' dir='ltr'><strong>ι,</strong></span> 
     </span>
    </p>

    <p class='ocr_par' dir='ltr' id='par_1_28' title="bbox 1403 3811 2444 4184">
     <span class='ocr_line' id='line_1_55' title="bbox 1490 3811 2440 3886; baseline 0.003 -20"><span class='ocrx_word' id='word_1_286' title='bbox 1490 3811 1585 3866; x_wconf 81' lang='lat'><strong>50.</strong></span> <span class='ocrx_word' id='word_1_287' title='bbox 1617 3814 1762 3865; x_wconf 73' lang='lat' dir='ltr'><strong>Anus</strong></span> <span class='ocrx_word' id='word_1_288' title='bbox 1795 3812 1914 3875; x_wconf 77' lang='lat' dir='ltr'><strong>haec,</strong></span> <span class='ocrx_word' id='word_1_289' title='bbox 1937 3824 2035 3864; x_wconf 84' lang='lat' dir='ltr'><strong>etc.</strong></span> <span class='ocrx_word' id='word_1_290' title='bbox 2059 3831 2146 3882; x_wconf 77' lang='lat' dir='ltr'><strong>ap.</strong></span> <span class='ocrx_word' id='word_1_291' title='bbox 2166 3813 2440 3886; x_wconf 77' lang='lat' dir='ltr'><strong>Porphyr.</strong></span> 
     </span>
     <span class='ocr_line' id='line_1_56' title="bbox 1406 3889 2444 3963; baseline 0.005 -20"><span class='ocrx_word' id='word_1_292' title='bbox 1406 3889 1476 3944; x_wconf 83' lang='lat' dir='ltr'><strong>ad</strong></span> <span class='ocrx_word' id='word_1_293' title='bbox 1514 3891 1705 3945; x_wconf 81' lang='lat' dir='ltr'><strong>Horat.</strong></span> <span class='ocrx_word' id='word_1_294' title='bbox 1757 3891 1866 3944; x_wconf 88' lang='lat' dir='ltr'><strong>Od.</strong></span> <span class='ocrx_word' id='word_1_295' title='bbox 1911 3893 1967 3954; x_wconf 84' lang='grc' dir='ltr'><strong>Ι,</strong></span> <span class='ocrx_word' id='word_1_296' title='bbox 2005 3891 2096 3956; x_wconf 79' lang='lat'><strong>25,</strong></span> <span class='ocrx_word' id='word_1_297' title='bbox 2141 3911 2195 3963; x_wconf 88' lang='lat'><strong>7.</strong></span> <span class='ocrx_word' id='word_1_298' title='bbox 2242 3895 2444 3948; x_wconf 81' lang='lat' dir='ltr'><strong>Damus</strong></span> 
     </span>
     <span class='ocr_line' id='line_1_57' title="bbox 1404 3971 2444 4042; baseline 0.006 -19"><span class='ocrx_word' id='word_1_299' title='bbox 1404 3971 1722 4024; x_wconf 83' lang='lat' dir='ltr'><strong>Bothianam</strong></span> <span class='ocrx_word' id='word_1_300' title='bbox 1771 3989 1872 4041; x_wconf 88' lang='lat' dir='ltr'><strong>pro</strong></span> <span class='ocrx_word' id='word_1_301' title='bbox 1924 3971 2132 4042; x_wconf 80' lang='lat' dir='ltr'><strong>vulgata</strong></span> <span class='ocrx_word' id='word_1_302' title='bbox 2162 3989 2178 4025; x_wconf 77' lang='grc' dir='ltr'><strong><em>ε</em></strong></span> <span class='ocrx_word' id='word_1_303' title='bbox 2236 3997 2260 4020; x_wconf 77' lang='grc' dir='ltr'>ι</span> <span class='ocrx_word' id='word_1_304' title='bbox 2294 3978 2444 4028; x_wconf 82' lang='lat' dir='ltr'><strong>Anus</strong></span> 
     </span>
     <span class='ocr_line' id='line_1_58' title="bbox 1403 4050 2449 4125; baseline 0.004 -22"><span class='ocrx_word' id='word_1_305' title='bbox 1403 4050 1519 4103; x_wconf 78' lang='lat' dir='ltr'><strong>haec</strong></span> <span class='ocrx_word' id='word_1_306' title='bbox 1565 4050 1624 4102; x_wconf 87' lang='lat' dir='ltr'><strong>in</strong></span> <span class='ocrx_word' id='word_1_307' title='bbox 1677 4050 1833 4121; x_wconf 83' lang='lat' dir='ltr'><strong>pellis</strong></span> <span class='ocrx_word' id='word_1_308' title='bbox 1879 4051 2183 4122; x_wconf 83' lang='lat' dir='ltr'><strong>periculum</strong></span> <span class='ocrx_word' id='word_1_309' title='bbox 2227 4065 2449 4125; x_wconf 86' lang='lat' dir='ltr'><strong>proten-</strong></span> 
     </span>
     <span class='ocr_line' id='line_1_59' title="bbox 1406 4127 1608 4184; baseline -0.006 0"><span class='ocrx_word' id='word_1_310' title='bbox 1406 4127 1608 4184; x_wconf 61' lang='lat' dir='ltr'><strong>ditm-i</strong></span> 
     </span>
    </p>

    <p class='ocr_par' dir='ltr' id='par_1_29' title="bbox 1490 4205 2444 4284">
     <span class='ocr_line' id='line_1_60' title="bbox 1490 4205 2444 4284; baseline 0.003 -20"><span class='ocrx_word' id='word_1_311' title='bbox 1490 4209 1596 4264; x_wconf 83' lang='lat'><strong>51</strong></span> <span class='ocrx_word' id='word_1_312' title='bbox 1627 4205 1816 4264; x_wconf 77' lang='lat' dir='ltr'><strong>Mecum</strong></span> <span class='ocrx_word' id='word_1_313' title='bbox 1839 4205 1980 4264; x_wconf 70' lang='lat' dir='ltr'><strong>hab-t</strong></span> <span class='ocrx_word' id='word_1_314' title='bbox 1995 4223 2236 4282; x_wconf 67' lang='lat' dir='ltr'><strong>polagus.</strong></span> <span class='ocrx_word' id='word_1_315' title='bbox 2273 4214 2444 4284; x_wconf 80' lang='lat' dir='ltr'><strong>Apud</strong></span> 
     </span>
    </p>
   </div>
  </div>
 </body>
</html>
