3067 5017
1090 431 1790 503 FRAGMENTA.
2365 429 2503 529 537

357 553 451 620 At
497 575 624 646 ego
676 565 859 622 certe
910 577 1109 623 cruce
1156 570 1225 624 et
1278 555 1582 626 cruciatu
1625 553 1940 624 mactabo
1989 581 2006 623 ε
2065 553 2171 623 exi
2210 579 2253 624 ο
2297 555 2509 642 forae,

654 663 1011 758 mastigia:
2475 747 2484 756 ,

360 769 653 840 Abiendi
690 773 909 842 etiam·
930 797 1116 844 nunc
1148 774 1272 842 tibi
1300 773 1381 844 'st
1413 773 1706 853 obcasio.
2358 775 2366 780 ’
2467 795 2516 836 1⁵

366 879 683 950 Animam
721 884 1094 977 conprime.

362 991 509 1060 Nec
548 991 742 1061 nobis
786 1007 1109 1086 praesente
1145 991 1388 1088 aliquis
1422 993 1776 1089 quisquam
1819 995 1947 1064 nisi
1991 1013 2240 1064 servos,

449 1199 540 1257 ¹4·
567 1194 646 1248 Ae
680 1215 772 1267 ego
806 1209 963 1264 oenc,
996 1209 1101 1254 ete.
1127 1216 1219 1269 ap.
1247 1199 1392 1254 Non.
1571 1203 1663 1254 16:
1693 1179 1956 1265 haimom,
1994 1198 2142 1271 apud
2183 1199 2428 1254 Nonium
2468 1219 2523 1254 v.

367 1290 424 1325 v.
445 1285 675 1328 mactare.
1056 1325 1067 1342 ,
1484 1283 1669 1334 αηίηια.
2228 1280 2235 1286 ’

450 1352 544 1408 15.
568 1355 813 1424 Abienda',
840 1367 947 1410 ete·
970 1355 1115 1427 apud
1134 1357 1396 1412 Priscian,
1574 1379 1665 1430 17.
1689 1360 1799 1414 Nec
1836 1359 1998 1428 nobie,
2026 1377 2113 1432 ep.
2141 1357 2323 1413 eumd,
2349 1378 2404 1411 v.
2424 1358 2523 1419 ,ab-

366 1427 452 1484 ed.
475 1433 693 1488 Pntsch.
713 1454 772 1507 p.
794 1443 932 1506 924.
953 1436 1063 1489 Pro
1090 1437 1317 1491 abeundi.
1486 1450 1637 1493 sente.

1216 1648 1674 1719 ASINARIA.

358 1845 559 1935 ‘Quin
600 1847 798 1918 etiam
839 1873 948 1919 me
992 1849 1313 1919 miserum
1351 1849 1682 1920 famosum
1727 1849 2004 1946 flagitiis
2045 1848 2208 1919 facit
2243 1848 2401 1920 suis.

374 1957 540 2027 Heio
575 1956 826 2047 aderit,
866 1958 1111 2049 credo,
1148 1984 1480 2056 congerro
1518 1987 1731 2032 meus,

461 2161 513 2196 ι.
548 2141 683 2211 Quin
708 2145 869 2200 etiam.
898 2155 1000 2195 eto.
1017 2140 1163 2194 Vide
1187 2153 1406 2195 senten·
1577 2164 1628 2196 ει.
1659 2144 1787 2196 Heic
1817 2143 2006 2210 aderit,
2035 2155 2136 2198 ete.
2169 2162 2258 2215 ap.
2281 2141 2530 2198 eumdem

375 2221 505 2276 tiam
529 2222 582 2274 J.
616 2221 894 2276 Gulielmii
926 2222 1078 2275 Asin.
1098 2221 1171 2287 V,
1206 2241 1233 2275 α
1253 2257 1271 2283 ,
1305 2221 1399 2275 25·
1490 2241 1548 2275 v·
1575 2241 1758 2293 gerrae.
1809 2234 1814 2242 '

375 2332 457 2344 -—
480 2304 645 2373 Quin,
674 2313 773 2388 ete.
807 2300 957 2372 apud
994 2301 1136 2355 Non.
1164 2303 1397 2368 v.fama.
1448 2295 1461 2306 '

1164 2517 1728 2587 AULULARIA.

302 2716 307 2720 “
377 2701 521 2770 Nec
547 2710 786 2784 noctu,
812 2721 937 2765 nec
964 2695 1081 2766 diu
1118 2695 1385 2789 quietus
1408 2720 1710 2789 unquam
1745 2720 1926 2781 eam,
1956 2721 2140 2766 nunc
2173 2697 2528 2767 dormiam.

736 2858 753 2874 .
786 2858 803 2875 .
836 2859 853 2875 .
875 2851 901 2875 -.
933 2859 949 2875 .
982 2857 999 2873 .
1032 2858 1050 2875 .
1090 2803 1209 2873 sed
1245 2803 1400 2872 leno
1437 2804 1782 2899 egreditur
1813 2803 2013 2876 foras,
2052 2891 2057 2901 ι

381 2917 561 2988 Hinc
596 2941 677 2984 ex
708 2913 981 2987 obculto
1022 2938 1330 2983 sermone
1364 2929 1546 2985 satus
1587 2913 1985 3010 sublegam.'

382 3029 604 3094 Homo
640 3023 1005 3093 ebriolatus
1040 3047 1275 3091 somno
1314 3025 1534 3092 sanari
1573 3023 1764 3093 solet.

386 3135 526 3226 Qui
568 3132 736 3202 mihi
774 3132 957 3202 olera
988 3131 1197 3202 cruda
1236 3149 1542 3227 ponunt,
1581 3133 1773 3203 halec
1811 3132 2096 3205 danunt.
2515 3160 2538 3198 ⁵
2636 3150 2643 3156 ·

380 3248 527 3340 Ego
568 3243 979 3312 ecfodiebam
1014 3244 1084 3312 in
1129 3242 1235 3312 die
1276 3243 1486 3313 denos
1522 3244 1855 3312 scrobeis.

388 3355 518 3426 Hic
554 3353 834 3448 quidem
873 3353 1186 3448 pervicus
1223 3353 1570 3424 custodem
1612 3352 1907 3440 addidit,

477 3597 527 3632 ι.
573 3577 682 3631 Nec
722 3587 903 3641 noctu,
948 3586 1050 3628 ete.
1105 3573 1252 3646 apud
1282 3573 1421 3629 .No·
1511 3572 1757 3647 gendum
1818 3593 1834 3626 ε
1899 3600 1922 3623 ι
1953 3593 2256 3628 sermonem
2312 3589 2461 3630 catus
2499 3604 2552 3628 ι.

388 3657 545 3710 nium
602 3673 719 3710 voc.
772 3655 875 3708 din.
918 3655 1095 3718 Quem
1136 3655 1192 3706 in
1238 3656 1421 3708 locum
1593 3661 1645 3719 4.
1687 3655 1847 3706 Homo
1887 3653 2180 3719 ebriolatus,
2231 3667 2332 3708 etc.
2382 3657 2534 3728 apud

390 3738 425 3789 J
430 3778 443 3791 .
470 3735 729 3790 Gulielm.
759 3734 1050 3790 immittere
1084 3746 1283 3806 satagat
1320 3734 1425 3788 hoe
1520 3733 1773 3788 eumdem
1801 3753 1852 3786 v.
1875 3734 2126 3787 ebriolare.

393 3817 788 3886 fragmentum,
835 3813 959 3867 vide
990 3811 1135 3884 apud
1162 3813 1337 3884 ipsum
1366 3827 1419 3868 et
1605 3815 1660 3866 5.
1683 3815 1786 3883 Qui
1804 3815 1924 3866 milei
1945 3815 2104 3878 olera,
2130 3811 2274 3883 apud
2299 3814 2553 3872 eumdem

394 3894 517 3951 Aul.
546 3895 599 3958 1,
634 3911 683 3960 1,
712 3911 883 3964 27.-
917 3893 1067 3946 Eam.
1088 3893 1248 3947 Both.
1273 3913 1423 3946 eram.
1523 3911 1576 3947 v.
1597 3893 1754 3946 halec.

485 3993 540 4027 a.
570 3974 673 4026 Sed
698 3974 833 4038 leno,
866 3986 973 4026 ete·
1005 3971 1147 4042 apud
1181 3971 1434 4025 eumdem
1605 3977 1658 4024 6.
1710 3973 1830 4041 Ego
1876 3972 2201 4040 ecfodiebam,
2262 3986 2364 4029 etc.
2408 3975 2556 4050 apud

405 4073 458 4107 v.
486 4053 662 4123 legere.
684 4053 837 4105 Leno
866 4052 1049 4106 nuilus
1075 4063 1300 4123 apparet
1330 4054 1436 4104 Au·
1522 4049 1772 4105 eumdem
1800 4070 1853 4104 v.
1889 4051 2096 4105 scrobes.

401 4133 611 4186 hilaria.
636 4131 879 4186 Fortasse
906 4129 1253 4186 scribendum
1276 4131 1433 4186 homo.
1478 4181 1480 4183 ,
1606 4150 1663 4201 7.
1691 4131 1796 4182 Hic
1834 4131 2057 4206 quidem,
2104 4144 2207 4188 ete.
2244 4152 2331 4206 ap.
2379 4133 2562 4191 eumd.

401 4211 547 4265 Vide
598 4211 778 4267 Aulul.
826 4225 928 4266 act.
986 4211 1088 4278 IV,
1142 4209 1198 4278 ⁵,
1235 4213 1288 4264 6.
1332 4211 1437 4265 Le·
1525 4231 1580 4267 v.
1609 4214 1821 4281 per-vieo.
