3067 5017
612 414 751 489 560
1368 412 1984 502 QUEROLUS,

598 540 884 610 lamitaS.
914 538 1121 608 Estne
1153 535 1409 630 aliquid
1434 535 1618 631 quod
1641 534 1992 629 requiras?
2015 558 2225 619 QUEn.
2252 539 2402 606 Iino
2421 589 2444 621 ‚
2469 532 2712 631 edepol
2739 589 2762 623 ‚

608 650 800 723 nihil.
852 653 1076 720 Meam
1118 647 1281 715 mihi
1321 645 1618 715 concede
1655 636 1949 732 sortem‚⁴
1987 646 2260 740 quando
2307 646 2475 717 nihil
2515 648 2762 718 melius

603 761 844 856 reperi.
878 784 1017 829 min
1056 781 1231 827 EAM.
1264 756 1485 851 Igitur
1512 780 1918 849 quamquam
1956 754 2217 825 felicem
2247 780 2388 825 esse
2428 770 2496 827 te
2521 758 2766 827 consti·

606 873 794 959 terit,
817 886 1041 939 tamen
1072 868 1463 936 etiamnunc
1494 866 1858 935 beatiorem
1895 880 1961 933 te
1993 864 2297 935 futurum
2333 882 2410 935 ut
2435 892 2762 962 agnoscas

598 982 771 1051 volo.
802 986 1057 1051 Aurum
1088 977 1290 1048 hodie
1320 975 1610 1045 multum
1641 1000 2075 1070 consequere.
2109 1001 2321 1061 Quen.
2351 979 2564 1048 Ludis
2595 1004 2718 1075 nos
2737 1006 2758 1047 ε

598 1093 745 1162 fieri
782 1093 912 1162 hoc
948 1116 1086 1159 non
1122 1102 1365 1184 potest.
1416 1111 1556 1156 ΕΑΒ
1597 1110 1774 1155 ΕΑΜ.
1807 1090 2033 1177 Quam
2072 1087 2159 1157 ob
2191 1088 2508 1158 causam?
2533 1114 2756 1172 Quen.

602 1204 783 1293 Quia
823 1227 957 1270 non
997 1215 1095 1269 est
1127 1199 1255 1268 via.
1288 1222 1427 1267 LAR
1452 1221 1628 1266 EAM.
1656 1199 1831 1265 Sane
1851 1197 2125 1267 difficile
2162 1212 2262 1267 est
2303 1200 2498 1269 nobis
2531 1198 2758 1269 facere

600 1328 803 1406 atque
837 1309 1173 1394 invenire,
1200 1306 1380 1402 quod
1419 1320 1492 1373 tu
1523 1331 1660 1374 non
1696 1306 2053 1403 intellegis.
2094 1333 2301 1391 Quen.
2330 1310 2460 1377 Dic
2494 1334 2758 1404 quaese,

604 1420 939 1517 numquid
984 1444 1100 1487 rex
1151 1416 1405 1511 aliquid
1445 1415 1822 1511 largietur?
1871 1441 2010 1488 ΕΑΒ
2043 1442 2221 1489 ΕΔΜ.
2269 1417 2482 1487 Nihil.
2538 1444 2756 1503 Qmm.

594 1529 943 1624 Numquid
974 1524 1224 1597 amicus
1262 1526 1540 1595 donabit
1573 1525 1878 1620 aliquid?
1913 1552 2048 1598 Lan
2079 1552 2255 1597 ΕΔΜ.
2295 1527 2503 1599 Nihil.
2543 1554 2756 1612 Quen.

596 1640 950 1735 Numquid
974 1664 1056 1707 ex
1092 1653 1467 1706 transverso
1504 1635 1836 1729 quispiam
1887 1661 1994 1705 mc
2031 1636 2364 1707 liaeredem
2411 1638 2760 1707 instituet?

596 1776 734 1823 ΕΑΒ
766 1774 939 1821 EAM.
972 1747 1162 1820 Nihil
1199 1749 1443 1816 minus.
1482 1770 1693 1829 Quen.
1727 1747 2074 1841 Numquid
2115 1748 2464 1818 thesaurus
2501 1748 2758 1817 alicubi

604 1861 903 1931 defossus
941 1858 1294 1954 apparebit
1328 1872 1488 1925 ante
1520 1855 1753 1925 oculos
1793 1857 2020 1927 meos?
2054 1883 2197 1928 LAR
2233 1884 2404 1929 ΕΔΜ.
2448 1861 2652 1955 Atqui
2697 1860 2756 1928 si

596 1974 949 2043 thesaurus
970 1970 1151 2037 domi
1171 1984 1302 2037 tuae
1331 1968 1566 2037 lateret
1585 2022 1604 2053 ‚
1633 1970 1827 2063 prius
1852 1968 2043 2038 alteri
2077 1986 2246 2039 esset
2268 1972 2755 2058 ostendendus,

598 2108 802 2179 quam
838 2081 981 2149 tibi.
1011 2104 1220 2163 QUER.
1253 2082 1338 2149 Et
1378 2077 1652 2172 quidem
1677 2104 1823 2147 sum
1856 2079 2208 2149 habiturus
2236 2096 2537 2175 egomet,
2567 2082 2758 2175 quod

600 2193 768 2263 mihi
824 2190 1049 2260 nullus
1092 2190 1323 2259 dabit?
1365 2214 1504 2259 LAR
1552 2194 1730 2259 FAM'.
1763 2189 1953 2260 Vade
1995 2191 2134 2285 jam
2185 2217 2402 2279 nunc,
2437 2207 2506 2261 et
2558 2193 2758 2286 quid-

598 2303 761 2401 quid
803 2316 1035 2372 contra
1078 2316 1141 2369 te
1186 2314 1323 2383 est,
1363 2299 1586 2369 facito.
1632 2324 1842 2384 Quen.
1880 2304 2021 2371 Cur
2065 2301 2194 2370 ita?
2237 2326 2370 2371 LAR
2411 2326 2584 2371 ΕΔΜ.
2644 2303 2760 2372 Sic

591 2413 877 2508 expedit.
927 2410 1209 2481 Fallenti
1266 2409 1525 2479 credito
1564 2436 1580 2479 ε
1631 2411 2185 2480 circumvenienti
2232 2438 2506 2507 operam
2549 2429 2758 2507 atque

596 2526 949 2594 adsensum
1002 2520 1435 2592 accommoda
1488 2547 1505 2589 z
1568 2518 1748 2589 fures
1795 2522 1848 2588 si
1897 2520 1983 2589 ad
2022 2535 2086 2589 te
2125 2523 2467 2606 venerint,
2517 2525 2758 2618 excipe

592 2637 899 2707 libenter.
942 2658 1151 2719 Quen.
1193 2636 1367 2702 Tum
1404 2633 1458 2701 si
1502 2630 1746 2725 aliquis
1795 2633 1960 2699 meis
2005 2632 2260 2702 aedibus
2304 2632 2515 2702 facem
2567 2635 2756 2703 subi-

591 2747 759 2830 ciet,
793 2745 1149 2840 juberesne
1187 2766 1293 2810 me
1330 2740 1553 2810 oleum
1586 2740 1988 2810 infundere?
2029 2766 2172 2812 LAR
2199 2767 2370 2814 nm.
2411 2748 2754 2816 Noveram

596 2873 663 2926 te
700 2856 1115 2925 crediturum
1162 2878 1298 2921 non
1337 2877 1495 2922 esse.
1559 2875 1768 2936 Quiza.
1833 2855 2041 2921 Fures
2086 2852 2251 2921 mihi
2291 2880 2369 2923 ac
2404 2854 2754 2949 praedones

488 2974 499 2983 ‘
592 2967 703 3051 cui
738 2962 967 3034 bono?
998 2985 1134 3031 [ΑΒ
1170 2985 1341 3031 EAM.
1376 2965 1476 3033 Ut
1509 2962 1565 3030 si
1597 2961 1763 3055 quid
1793 2962 1915 3029 tibi
1949 2963 2090 3057 spei
2127 2978 2246 3033 aut
2283 2965 2576 3059 praesidii
2613 2982 2752 3053 est,

593 3092 810 3146 totum
849 3072 1177 3151 auferant.
1232 3091 1441 3155 Quen.
1496 3070 1641 3142 Cur
1679 3070 1812 3141 ita?
1848 3097 1984 3142 Lan
2036 3097 2213 3143 ΕΑΜ.
2263 3079 2358 3145 Ut
2401 3076 2490 3145 sis
2541 3076 2749 3145 dives.

598 3212 813 3272 Quen.
840 3180 1250 3274 Quomodo?
1290 3208 1429 3253 ΜΕ
1460 3207 1636 3273 ΕΔΜ.
1664 3186 1850 3251 Bona
1883 3185 1935 3251 si
1971 3184 2337 3276 perdideris
2362 3200 2496 3255 tua.
2529 3211 2745 3269 Quiza.

597 3293 1106 3389 Quamobrem?
1155 3318 1291 3363 ΕΑΒ
1338 3318 1512 3363 ΕΔΜ.
1572 3297 1673 3362 Ut
1723 3294 1810 3361 sis
1848 3290 2022 3363 felix.
2075 3318 2289 3377 Quen.
2343 3295 2751 3384 Quomodo?

591 3432 731 3477 ΕΔΒ
768 3430 945 3477 ΕΔΜ.
996 3405 1066 3473 Si
1103 3404 1309 3472 fueris
1360 3397 1586 3473 miser.
1628 3427 1836 3486 Quen.
1883 3394 2072 3472 Istud
2117 3401 2314 3499 plane
2365 3419 2494 3491 est,
2563 3405 2747 3500 quod

595 3542 768 3613 saepe
823 3514 1093 3597 audivi,
1143 3514 1448 3582 obscuris
1499 3538 1653 3580 vera
1714 3511 2070 3599 involvere.
2131 3514 2261 3585 Sed
2309 3513 2468 3608 quid
2515 3514 2740 3583 facere

592 3654 700 3698 me
735 3622 977 3721 jubes?
1029 3648 1168 3694 Lan
1200 3648 1383 3693 ΕΑΜ.
1438 3621 1646 3714 Quod
1688 3638 1925 3693 contra
1959 3638 2025 3691 te
2062 3638 2280 3717 putaS.
2339 3646 2550 3706 Quen.
2616 3627 2744 3694 Dic

536 3762 541 3766 ·
588 3764 749 3832 ergo
788 3734 950 3831 quid
982 3735 1103 3821 sit,
1133 3760 1219 3802 ne
1251 3734 1530 3803 fortasse
1566 3731 1821 3827 aliquid
1852 3759 1975 3828 pro
2005 3759 2112 3802 me
2151 3733 2389 3802 faciam
2418 3736 2741 3804 nesciens.

585 3872 724 3917 ΕΑΒ
760 3870 928 3917 ΕΔΜ.
975 3842 1334 3937 Quidquid
1364 3844 1582 3939 egeris
1605 3896 1626 3929 ‚
1671 3844 2033 3937 gesserisve
2067 3843 2302 3931 hodie,
2341 3870 2465 3939 pro
2503 3860 2568 3913 te
2607 3845 2738 3915 fiet.

586 3982 795 4040 Quen.
826 3956 1013 4045 Quid
1050 3955 1103 4024 si
1146 3969 1412 4049 egomet
1440 3952 1646 4023 nolo?
1682 3978 1816 4023 Lan
1845 3978 2022 4024 ΕΔΜ.
2051 3952 2268 4041 Velis,
2303 3952 2510 4043 nolis,
2539 3955 2740 4023 hodie

585 4068 761 4137 bona
807 4067 1077 4136 fortuna
1122 4066 1293 4134 aedes
1333 4065 1613 4133 intrabit
1642 4078 1812 4133 tuas.
1849 4088 2062 4146 Quiza.
2100 4065 2285 4152 Quid
2325 4066 2378 4133 si
2409 4064 2580 4133 redes
2623 4066 2736 4133 ob-

580 4178 781 4248 sero?
810 4202 948 4247 ΕΑΒ
988 4201 1159 4247 ΕΔΜ.
1197 4180 1328 4245 Per
1360 4174 1722 4245 fenestram
1767 4174 2036 4245 defluet.
2082 4198 2295 4259 Quen.
2337 4174 2524 4267 Quid
2567 4176 2618 4261 si
2669 4188 2734 4242 et
