3067 5017
574 422 716 493 318

1387 422 1879 507 suenus,

566 542 793 615 Nullis
828 542 1136 611 meliores
1172 566 1313 611 esse
1352 543 1680 636 parasitos
1719 543 1952 615 sinam.

569 652 693 722 Vel
740 652 1091 721 unctiones
1132 652 1441 737 Graecas,
1482 652 1890 739 sudatorias»,

561 763 689 833 Vel
728 763 890 832 alias
927 762 1215 837 malacas
1258 760 1710 857 crapularias‚

566 872 1071 960 Cavillationes,
1109 870 1759 957 adsentatiunculas,
2667 900 2722 953 7⁵

564 989 665 1053 Ac
704 981 1311 1078 perjuratiunculas
1354 983 1784 1077 parasiticas‚

561 1095 1050 1188 Rubiginosam
1090 1091 1458 1189 strigilem',
1502 1092 1870 1187 ampullam
1913 1092 2256 1180 rabidam,

563 1207 937 1274 Parasitum
979 1206 1279 1289 inanem,
1318 1229 1455 1298 quo
1494 1203 1818 1273 recondas
1857 1202 2192 1297 reliquias,

563 1318 723 1383 Haec
758 1315 1014 1384 venisse
1043 1315 1184 1407 jam
1228 1338 1398 1409 opus
1434 1328 1572 1400 est,
1611 1328 1944 1407 quantum
1986 1328 2242 1407 potest3

563 1428 682 1497 Uti
723 1425 1072 1494 decumam
1106 1439 1366 1518 partem
1403 1422 1684 1493 Herculi
1728 1423 2128 1518 polluceam.
2667 1455 2720 1493 ⁸0

558 1560 765 1607 onoc.
806 1539 1104 1623 Ecastor,
1150 1534 1535 1603 auctionem
1579 1532 1763 1603 haud
1799 1534 2024 1628 magni
2063 1529 2272 1627 preti!

560 1646 861 1717 Adhaesit
902 1644 1163 1715 homini
1202 1644 1286 1713 ad
1331 1644 1640 1714 infimum
1683 1659 1984 1713 ventrem
2019 1641 2254 1713 fameS.

566 1756 787 1826 Adibo
804 1755 1167 1823 hominem.
1199 1779 1359 1825 cm..
1383 1756 1558 1843 Quis
1578 1754 1718 1823 haec
1734 1769 1831 1822 est
1849 1807 1869 1841 ‚
1887 1779 2034 1849 quae
2057 1753 2416 1824 advorsum
2435 1756 2487 1823 it
2515 1757 2720 1828 mihi?

558 1864 919 1961 Epignomi
950 1862 1188 1931 ancilla
1221 1864 1361 1933 hoec
1394 1864 1665 1959 quidem
1697 1879 1795 1933 est
1825 1865 2242 1934 Crocotium.

561 1996 757 2047 onoc.
798 1971 1169 2058 Gelasime‚
1201 1972 1403 2045 salve.
1451 1996 1605 2045 GEL.
1641 1978 1797 2046 Non
1841 1988 1941 2043 est
1977 1973 2048 2041 id
2085 1993 2330 2042 nomen
2370 1973 2556 2044 mihi.
2665 1994 2718 2036 ⁸⁵

568 2107 774 2155 enoc,
812 2084 1055 2169 Certo,
1090 2099 1449 2170 mecastor,
1486 2084 1557 2152 id
1595 2084 1726 2154 fuit
1761 2108 2012 2179 nomen
2053 2085 2197 2153 tibi.

566 2342 833 2401 monitum
878 2365 910 2399 a
956 2345 1087 2399 Caio
1131 2364 1435 2417 preconem
1455 2382 1471 2412 ,
1526 2364 1596 2401 ne

564 2426 880 2499 pratorium
935 2426 1113 2479 virum
1163 2427 1351 2479 crebro
1406 2428 1597 2499 capitis

566 2520 725 2561 motu
772 2518 1051 2561 nutantem
1093 2506 1201 2561 sibi
1230 2506 1529 2578 prater-iret
1550 2534 1595 2561 n.

566 2588 753 2643 Grion.

645 2686 740 2737 7²·
771 2666 1042 2718 Parasitus.
1083 2664 1270 2717 Malim
1303 2664 1453 2736 quod
1487 2668 1598 2735 jam

566 2744 704 2801 vidit
726 2746 781 2802 N
784 2746 1063 2809 ulielmus‚
1084 2748 1335 2814 parasitis.

649 2827 746 2897 73.
776 2826 869 2877 Vel
886 2831 1163 2889 unctiones,
1194 2836 1297 2877 etc.
1328 2824 1485 2877 Hunc
1514 2843 1600 2878 oa·

562 2924 681 2959 sum
704 2917 760 2957 et
786 2904 963 2958 omnia
988 2923 1107 2975 quaa
1132 2901 1323 2956 exinde
1345 2902 1415 2957 ad
1437 2920 1489 2955 v.
1518 2905 1591 2973 78

562 2997 883 3057 sequuntur,
905 2985 1103 3038 referas
1121 2982 1187 3036 ad
1205 2982 1363 3035 verba
1382 3000 1400 3036 ε
1426 3008 1449 3030 ι
1464 3000 1594 3037 ven·

562 3064 637 3117 do
658 3102 673 3130 ,
719 3078 879 3117 nemo
923 3064 1173 3116 meliores
1219 3061 1369 3115 dabit
1414 3088 1463 3113 ι.

568 3145 792 3199 Gra-cas.
844 3144 976 3207 Qua
1017 3143 1366 3213 elegantiores
1410 3157 1592 3208 erant,

558 3236 779 3297 propter
820 3236 1215 3293 unguentorum
1254 3223 1481 3292 copiam.
1519 3224 1586 3277 L.

556 3337 639 3347 —
678 3303 990 3355 Sadame-ias.
1038 3302 1292 3355 Solebam
1340 3303 1487 3357 enim
1532 3314 1588 3356 et

560 3384 737 3437 Graeci
758 3395 811 3435 et
833 3383 1081 3447 Romani,
1105 3382 1411 3454 priusquam
1434 3398 1589 3437 accu-

556 3465 730 3516 bitum
764 3464 932 3525 irent,
967 3462 1027 3515 iu
1072 3462 1277 3515 balneis
1308 3461 1499 3517 sudare
1536 3476 1590 3517 et

555 3544 761 3613 inungi.
787 3543 969 3595 Lina.

643 3632 737 3692 74.
778 3622 1035 3686 Μαίαοαε,
1081 3621 1293 3679 molles,
1339 3620 1590 3677 delicatas

556 3705 741 3773 eisque
769 3700 1121 3765 adhibendas,
1154 3702 1250 3773 qui
1277 3703 1479 3755 Veneri
1509 3704 1588 3755 sa·-

560 3782 878 3835 mitian-iores
893 3822 911 3847 ,
930 3802 1090 3854 quam
1110 3783 1339 3835 Bacch0.
1362 3783 1445 3835 Cf.
1470 3783 1588 3836 Mil.

558 3863 673 3928 111,
704 3878 755 3927 1,
779 3862 879 3930 733
912 3863 1099 3916 Bacch.
1119 3864 1163 3927 I,
1194 3864 1285 3917 38.
1308 3862 1592 3931 ——Crupu-

558 3943 713 3994 lar-ias
731 3981 747 4007 ,
777 3942 1093 4006 unctiones,
1122 3961 1239 4012 quo
1268 3940 1589 3995 adhibendas

556 4034 682 4075 sunt
706 4022 801 4086 iis,
842 4024 937 4093 qui
978 4023 1277 4075 hesternam
1316 4023 1589 4091 crapulam

553 4100 801 4157 nondum
827 4103 1154 4155 exhalarunt.

639 4202 733 4253 77.
756 4181 1021 4251 Stre‘gikm-
1036 4180 1341 4251 strigilibus
1362 4178 1590 4235 defrica-

1683 2348 1884 2401 bantur
1919 2359 2152 2412 veteres,
2188 2359 2535 2419 posteaquam
2569 2350 2718 2403 uncti

1684 2429 1926 2492 fuerant,
1955 2440 2009 2480 et
2035 2427 2227 2481 divites
2259 2426 2478 2499 quidem
2505 2446 2533 2481 a
2565 2448 2720 2501 para-

1683 2506 1817 2562 sitis.
1851 2509 2006 2561 Seu..
2043 2537 2126 2551 ·—-
2152 2505 2284 2561 vid.
2308 2521 2361 2563 et
2383 2510 2532 2581 Pers.
2555 2506 2616 2577 I,
2644 2510 2676 2564 3
2697 2548 2716 2576 ,

1689 2592 1784 2651 44.
1818 2617 1900 2627 —-
1925 2588 2209 2657 Ampullam
2237 2587 2480 2641 ruba‘dam.
2519 2615 2542 2638 ι
2564 2590 2720 2644 Scor·

1685 2678 1784 2719 teo
1825 2666 2076 2736 ampulla
2116 2680 2377 2723 vetustate
2419 2687 2626 2739 rugosa
2662 2682 2718 2723 et

1685 2745 1882 2801 eoloris
1918 2745 2191 2817 ejusdem,
2231 2747 2438 2803 rubido
2481 2747 2718 2804 dici'so·

1685 2826 1800 2879 lent
1817 2852 1866 2879 n.
1898 2825 2228 2881 Fam-Cf.
2255 2828 2402 2885 Pers.
2429 2830 2478 2893 I,
2505 2831 2558 2895 3,
2580 2836 2676 2895 44.

1767 2908 1860 2976 78.
1889 2907 2174 2959 Parasitum
2197 2911 2406 2961 inanem.
2431 2909 2464 2961 J
2468 2928 2621 2963 ocose
2647 2906 2716 2963 de

1689 3002 1774 3049 se,
1817 2998 1876 3038 ut
1906 2986 2054 3039 inani
2084 3005 2205 3040 vase
2239 2987 2502 3058 loquitur.
2533 2991 2714 3043 Lmn.

1681 3096 1762 3109 --
1800 3066 1914 3137 Quo
1952 3067 2183 3119 recondas
2228 3068 2474 3139 reliquias.
2517 3069 2714 3123 Alvum

1681 3146 1822 3196 enim
1845 3146 2202 3215 pannificum,
2219 3148 2370 3218 quasi
2387 3148 2716 3213 barathrum,

1680 3242 1789 3295 quo
1815 3240 1924 3279 non
1961 3226 2252 3291 recondas,
2287 3226 2380 3279 sed
2412 3226 2711 3296 profundas

1677 3322 1948 3357 coenarum
1989 3307 2264 3377 reliquias.
2305 3304 2450 3359 Vide
2486 3307 2708 3361 Curcul-

1675 3385 1731 3437 II
1747 3424 1764 3451 ,
1799 3379 1829 3435 3
1850 3421 1867 3447 ,
1905 3391 1994 3450 42,
2295 3432 2300 3439 .

1761 3483 1851 3533 79.
1875 3466 2124 3534 Quantum
2149 3477 2326 3535 potest.
2342 3464 2498 3519 Asin.
2521 3462 2623 3531 III,
2653 3464 2708 3533 3,

1686 3560 1775 3613 17.
1803 3545 1950 3597 Infra
1974 3563 2051 3596 vs.
2073 3544 2168 3613 95.

1761 3627 1851 3679 80.
1879 3624 1967 3677 Ua·
1985 3624 2260 3687 decumam,
2295 3636 2400 3679 etc.
2433 3625 2710 3679 Decimam

1678 3716 1882 3772 partem
1909 3705 2176 3757 bonorum
2193 3704 2408 3758 Herculi
2432 3722 2711 3759 consecra·

1675 3784 1808 3835 bant
1845 3796 2080 3849 veteres,
2117 3803 2328 3837 oausam
2363 3784 2544 3837 reddit
2577 3786 2708 3837 Plu-

1678 3864 1844 3915 tarch.
1875 3864 2076 3928 Quoest.
2115 3866 2278 3919 Rom.
2320 3864 2574 3919 Pollucem
2617 3883 2711 3917 au·

1682 3955 1791 3997 tem
1851 3944 2142 3997 sacrificale
2192 3945 2416 3997 verbum
2481 3957 2560 3997 est
2586 3982 2606 4009 ,
2661 3956 2713 3997 et

1679 4022 2022 4077 reddentium
2058 4024 2342 4079 libamenta
2371 4024 2494 4077 diis.
2535 4050 2558 4073 a
2585 4024 2711 4077 Pol-

1675 4103 1967 4158 lucibiliter
1997 4122 2208 4157 coenare
2237 4129 2260 4150 ι
2283 4142 2300 4168 ‚
2327 4104 2386 4157 id
2407 4116 2522 4168 est,
2541 4104 2709 4157 Salia·

1675 4182 1828 4251 riter,
1853 4184 2076 4255 opipare
2105 4196 2160 4237 et
2185 4181 2464 4254 splendide
2487 4202 2502 4237 z
2527 4194 2580 4237 et
2595 4184 2710 4253 pol·
