3067 5017
545 392 705 505 '168

1300 432 1966 514 PSEUDOLUS,

568 560 823 624 Verum
864 578 987 648 pro
1026 554 1243 647 pretio
1286 553 1496 642 facio,
1547 570 1622 623 ut
1659 577 1864 647 opera
1897 549 2218 643 adpareat
2654 573 2714 609 σα

564 668 721 735 Mea
744 718 763 751 ‚
803 690 938 758 quo
983 664 1359 734 conductus
1396 666 1574 734 veni.
1623 688 1824 733 ΒΑΜ..
1863 660 1966 731 Ad
2005 657 2370 727 furandum
2412 660 2711 753 quidem.

564 797 721 844 coc.
763 779 866 843 An
909 775 1205 843 invenire
1248 773 1547 867 postulas
1590 796 1996 868 quemquam
2043 792 2359 864 coquom,

568 884 717 952 Nisi
757 881 1051 953 milvinis
1087 896 1205 951 aut
1240 884 1556 978 aquilinis
1592 882 1918 979 ungulis?

473 1006 477 1013 '
564 995 913 1085 mucoAn
958 1007 1033 1061 tu
1074 995 1510 1087 coquinatum
1548 1009 1613 1063 te
1654 994 1754 1062 ire
1797 1014 2138 1087 quoquam
2183 988 2514 1083 postulaS,

561 1104 752 1192 Quin
791 1103 885 1171 ibi
923 1105 1303 1173 constrictis
1340 1105 1614 1199 ungulis
1647 1127 1904 1185 coenam
1933 1101 2239 1195 coquas?
2655 1120 2713 1161 6⁵

563 1214 766 1282 Nunc
802 1212 967 1282 adeo
1005 1228 1080 1283 tu
1115 1216 1231 1308 qui
1266 1240 1457 1284 meus
1494 1241 1601 1300 es,
1637 1215 1780 1311 jam
1817 1212 2011 1282 edico
2048 1210 2212 1297 tibi,

562 1323 685 1391 Uti
729 1337 957 1391 nostra
995 1348 1311 1418 properes
1348 1323 1615 1393 amoliri
1653 1324 1922 1393 omnia:

562 1434 739 1501 Tum
778 1448 856 1511 ut
897 1433 1099 1527 hujus
1142 1432 1374 1503 oculos
1412 1435 1481 1502 in
1526 1434 1739 1504 oculis
1782 1433 2029 1502 habeas
2067 1430 2200 1499 tuis
2233 1456 2250 1497 t

565 1544 865 1636 Quoquo
898 1544 1010 1611 hic
1046 1541 1403 1637 spectabit,
1440 1570 1519 1613 eo
1556 1560 1630 1614 tu
1673 1559 1972 1639 spectato
2013 1539 2249 1611 simul:

567 1654 638 1722 Si
669 1678 806 1747 quo
836 1654 949 1722 hic
987 1654 1355 1749 gradietur,
1400 1657 1653 1750 pariter
1690 1654 2257 1751 progrediminor.
2665 1686 2718 1723 7·

564 1764 847 1833 Manum
892 1764 947 1832 si
986 1763 1304 1858 protollet
1333 1819 1350 1849 ‚
1382 1768 1634 1861 pariter
1665 1766 1962 1862 proferto
2006 1788 2300 1833 manum.

566 1876 775 1940 Suom
810 1872 866 1945 si
910 1873 1074 1967 quid
1112 1889 1362 1961 sumet,
1399 1875 1469 1943 id
1508 1891 1584 1944 tu
1623 1876 1825 1945 sinito
1869 1900 2176 1945 sumere:

565 1982 637 2051 Si
674 1997 982 2051 nostrum
1019 2000 1269 2073 sumet,
1312 2000 1389 2055 tu
1431 2000 1658 2055 teneto
1700 1985 2114 2054 altrinsecus,

569 2092 644 2159 Si
682 2091 806 2159 iste
848 2091 1014 2179 ibit,
1053 2094 1186 2180 ito;
1222 2093 1465 2182 stabit,
1505 2094 1766 2165 adstato
1813 2092 2029 2164 simul.

656 2378 744 2427 60.
777 2372 881 2426 Pro
905 2377 1065 2445 pretio
1078 2376 1238 2442 facio.
1268 2376 1427 2429 Facio
1456 2388 1518 2429 ut
1545 2388 1598 2428 et

416 2294 421 2301 Ι
463 2282 469 2290 ,
510 2224 526 2242 “
569 2201 640 2272 Si
676 2203 1138 2297 conquiniscet
1175 2205 1361 2294 istic,
1398 2221 1626 2275 ceveto
1663 2204 1884 2274 simul.
2666 2220 2722 2273 ⁷⁵

1777 2375 1871 2446 75.
1928 2373 2288 2444 Conquiniscet.
2339 2368 2682 2439 Conquinere
2703 2408 2723 2436 ‚

572 2452 751 2523 operis
800 2466 853 2506 ct
899 2454 1160 2508 mercedis
1199 2455 1335 2507 ratio
1389 2468 1602 2509 constet
1695 2453 1960 2507 decubare
2005 2466 2084 2506 est
2119 2470 2134 2505 :
2183 2469 2210 2502 a
2253 2468 2360 2522 quo
2400 2452 2722 2519 conquinisce.

571 2530 899 2593 conductori
946 2552 1094 2600 meo,
1145 2553 1243 2605 par
1282 2534 1401 2606 pari
1438 2535 1600 2587 hosti·

574 2625 817 2666 mentum
864 2612 1114 2667 reddens.
1163 2615 1296 2669 Cato
1338 2632 1355 2668 t
1410 2638 1433 2661 ι
1454 2614 1498 2667 ai
1550 2615 1599 2667 ei

574 2710 713 2761 opus
755 2711 865 2745 non
912 2707 1161 2764 apparet,
1204 2692 1337 2745 dicit
1374 2695 1603 2747 rusticus

576 2770 766 2825 sedulo
804 2791 860 2825 se
895 2773 1107 2834 fecisse,
1150 2790 1333 2826 servos
1364 2791 1477 2825 non
1506 2792 1604 2826 vo·

572 2850 737 2904 luisse
762 2870 824 2918 »3
855 2850 914 2906 id
933 2864 1039 2917 est,
1068 2852 1335 2906 sonticum
1354 2855 1601 2906 morbum

576 2943 849 2996 causatoS,
882 2950 991 3001 quo
1033 2931 1210 2984 minus
1249 2949 1387 3002 opus
1428 2932 1605 2985 facere

570 3008 852 3063 valuerint.
875 3011 1085 3064 DoUzA.

644 3093 756 3143 ·61.
777 3090 868 3143 Ad
883 3090 1173 3158 furandum.
1196 3089 1383 3143 Aulul.
1408 3092 1496 3156 II,
1532 3097 1567 3155 4
1585 3130 1602 3156 ,

583 3170 687 3232 43,
718 3182 770 3222 ct
797 3170 976 3224 Casin.
998 3171 1115 3235 111,
1144 3175 1207 3235 6,
1235 3188 1283 3223 1.

664 3248 757 3303 65.
784 3250 919 3319 Quin
950 3250 1049 3311 ibi,
1080 3264 1181 3303 etc.
1208 3249 1365 3302 Tune
1390 3268 1604 3321 aequum

577 3346 784 3394 censes,
812 3342 863 3382 te
886 3348 1162 3401 quoquam
1192 3328 1397 3383 admitti
1424 3322 1607 3401 coqui-'-

580 3421 867 3477 naturum,
893 3409 997 3461 nisi
1028 3410 1423 3481 constringant,
1459 3428 1608 3461 com-

578 3487 849 3559 primant,
878 3492 1100 3559 ungulos
1120 3489 1216 3541 tibi
1235 3529 1251 3554 ,
1279 3490 1315 3542 i.
1344 3508 1391 3542 e.
1420 3489 1523 3541 nisi
1552 3501 1607 3541 te

578 3566 715 3620 adeo
749 3568 1035 3640 diligenter
1074 3570 1386 3633 observent,
1418 3582 1480 3621 ut
1515 3586 1608 3621 ne-

582 3666 744 3720 queas
768 3649 935 3702 furari
955 3654 983 3700 i’-
1007 3647 1073 3701 N.

664 3732 760 3781 66.
786 3731 865 3781 Tu
900 3732 985 3801 qui
1023 3746 1150 3779 meus
1182 3748 1251 3781 es.
1297 3728 1608 3797 Alloquitur

580 3825 840 3877 puerum,
893 3809 1048 3879 jubet
1098 3807 1380 3877 invigilare
1427 3819 1606 3860 custo-

578 3885 789 3940 diendae
814 3888 1057 3957 coquina
1082 3887 1374 3958 rapacitati.
1399 3886 1467 3939 N.

659 3970 753 4036 67.
772 3968 937 4019 Amol.
960 3968 1014 4019 in
1036 3979 1154 4019 tuto
1168 3984 1445 4035 reponere.
1463 3966 1604 4019 Nam

577 4046 734 4098 facile
748 4047 1033 4110 abstinent,
1057 4047 1101 4098 si
1119 4046 1252 4098 nihil
1275 4047 1486 4098 obviam
1506 4059 1601 4099 est.

662 4125 754 4197 73.
787 4128 908 4179 Ten.
938 4126 1219 4177 altrinsecus
1241 4126 1373 4179 illud
1392 4127 1600 4198 ipsum,

578 4206 724 4282 quod
746 4220 918 4261 sumet
939 4217 1203 4258 nostrum.

1695 2535 1791 2587 Eat
1841 2534 1988 2586 enim
2033 2534 2419 2601 conquiniscere,
2459 2546 2723 2581 cernuum

1698 2631 1752 2666 se
1779 2612 2078 2676 inflectere,
2112 2610 2196 2663 vel
2231 2609 2516 2673 inclinare,
2551 2621 2622 2673 ut,
2647 2610 2729 2661 fa-

1701 2692 1852 2746 ciunt
1886 2690 2228 2744 exoneraturi
2260 2701 2520 2743 ventrem.
2563 2688 2727 2740 Pom-

1700 2773 1896 2843 ponius
1921 2769 2296 2823 Attellanarins
2317 2786 2332 2821 z
2366 2795 2389 2816 ι
2404 2770 2468 2821 In
2495 2782 2640 2822 terra
2665 2783 2728 2822 ut

1703 2852 1936 2905 cubabat
1953 2850 2100 2903 nuda
2122 2868 2135 2903 :
2162 2847 2231 2903 ad
2252 2867 2376 2902 eum
2399 2861 2460 2901 ut
2487 2866 2730 2919 conque-

1703 2933 1758 2985 xi
1774 2970 1790 2996 ,
1812 2944 1915 2984 etc.
1940 2958 1962 2978 ι
1995 2932 2111 2983 Hoc
2133 2930 2292 2983 etiam
2319 2948 2548 2980 cernuae-e
2578 2926 2730 2981 dice·

1699 3013 1831 3065 bant
1863 3032 1875 3062 z
1909 3028 2233 3082 quamquam
2275 3021 2326 3061 et
2370 3008 2474 3060 hoc
2501 3007 2612 3061 ἀντὶ
2638 3014 2727 3060 τοῦ

1703 3091 2004 3150 ἀσκολιάζειν
2031 3089 2380 3160 accipiebant.
2411 3087 2730 3143 Suana.—

1703 3170 1914 3241 Corrigi
1961 3170 2085 3221 volo
2123 3170 2373 3221 Plautum
2427 3186 2456 3219 e
2505 3167 2690 3219 Nonio
2713 3206 2730 3231 ,

1703 3251 1797 3303 ubi
1820 3262 1984 3303 exstat
2005 3268 2018 3302 :
2056 3276 2078 3297 ι
2097 3248 2152 3302 Si
2183 3247 2552 3319 conquiniscet
2577 3246 2696 3298 istic
2711 3286 2728 3311 ,

1703 3341 1892 3383 ceveto
1920 3330 2155 3381 simul».
2190 3328 2365 3381 Cevere
2405 3328 2546 3379 enim
2583 3324 2728 3378 idem

1703 3408 1849 3483 quod
1879 3413 2259 3484 conquiniscere,
2301 3406 2406 3459 hoc
2435 3418 2541 3463 est,
2569 3405 2730 3458 incli-

1702 3490 1858 3543 nari:
1897 3489 2076 3559 itaque
2107 3501 2166 3540 ut
2203 3489 2521 3558 ocquiniscere
2559 3485 2728 3538 inter-

1705 3568 1834 3620 dum
1859 3568 2084 3639 pathicis
2112 3567 2425 3620 attributum
2443 3604 2458 3629 ‚
2491 3564 2564 3617 ita
2591 3583 2730 3617 sem-

1706 3666 1804 3719 per
1829 3668 1985 3699 eevere
2016 3646 2087 3700 de·
2119 3648 2183 3700 iis
2212 3645 2439 3699 dictum.
2479 3644 2729 3695 Juvenal.
2757 3650 2762 3654 “

1707 3750 1729 3772 α
1749 3746 1845 3798 ego
1862 3740 1913 3780 te
1926 3740 2221 3792 cenentem,
2233 3722 2678 3789 Sexte,verebori’
2700 3748 2723 3770 ι

1703 3808 1803 3872 Et,
1841 3808 2205 3877 «computat,
2241 3818 2295 3857 et
2331 3816 2484 3857 cevet
2513 3828 2561 3855 ι.
2602 3804 2734 3855 Per·

1703 3888 1837 3940 sius:
1870 3912 1892 3934 ι
1917 3885 2287 3953 An,Romule‚
2311 3902 2472 3935 cenes·
2493 3907 2541 3934 n.
2565 3883 2729 3935 Mart.

1709 3964 1845 4019 «sed
1861 3946 2067 4036 pulcre,
2087 3965 2336 4027 Scaevole,
2357 3980 2542 4015 ceves-
2557 3963 2734 4015 ,6105-

1703 4065 1772 4099 sae
1795 4084 1811 4110 ,
1869 4067 2064 4107 «senens,
2123 4048 2304 4114 κούφων.
2360 4042 2534 4111 Hujus
2583 4043 2730 4094 vocis

1701 4126 1966 4196 ignoratio
2009 4124 2254 4196 corrupit
2287 4122 2464 4174 locum
2506 4121 2684 4173 Plauti
2716 4137 2734 4171 :

1697 4218 1960 4275 repertam
2000 4205 2144 4257 enim
2183 4222 2300 4257 eam
2338 4203 2393 4253 in
2435 4201 2544 4254 suis
2575 4198 2736 4255 libris
