3067 5017
866 505 1201 575 Aci-us
1249 510 1411 592 111,
1458 475 1798 579 scENA
1846 511 1954 578 11.

2347 509 2480 582 165
2545 499 2560 514 ⁹

341 632 441 699 Ut
475 639 651 697 esset
686 627 873 714 heic,
917 633 1034 723 qui
1070 631 1355 700 mortuis
1397 655 1656 700 coenam
1710 647 1990 727 coquat3

331 737 519 806 *Nam
562 736 674 804 hic
714 735 894 806 solus
928 737 1060 808 illis
1100 763 1421 834 coquere,
1468 741 1655 835 quod
1691 741 1990 836 placeat,
2029 759 2270 840 potest.

340 870 498 916 coo.
533 847 606 915 Si
645 872 751 916 me
788 848 1205 926 arbitrabare
1240 850 1367 920 isto
1409 866 1644 944 pacto,
1681 868 1754 921 ut
1796 854 2155 948 praedicaS,

342 961 486 1027 Cur
521 956 994 1028 conducebas?
1026 983 1228 1030 ΒΑΗ..
1267 963 1549 1055 Inopia;
1589 960 1760 1032 alius
1797 990 1935 1033 non
1976 981 2141 1035 erat.

340 1066 477 1137 Sed
511 1092 636 1136 cur
670 1068 941 1138 sedebas
986 1070 1055 1137 in
1093 1068 1271 1158 for0,
1310 1071 1364 1139 si
1408 1096 1553 1140 eras
1593 1097 1846 1167 coquos

341 1180 447 1248 Tu
482 1175 661 1248 solus
698 1193 942 1272 praeter
975 1178 1189 1249 alios?
1222 1203 1377 1252 coc.
1415 1185 1564 1275 Ego
1601 1182 1818 1250 dicam
1855 1183 2019 1251 tibi:

338 1288 708 1357 Hominum
745 1289 1026 1358 avaritia
1064 1315 1189 1384 ego
1234 1316 1383 1360 sum
1425 1289 1641 1361 factus
1679 1293 2034 1388 inprobior
2069 1317 2360 1388 coqnm,

340 1399 495 1467 Non
516 1413 784 1493 meopte
803 1400 1306 1494 ingeniosam..
1322 1401 1479 1489 Qua
1496 1403 1668 1472 istuc
1685 1403 1981 1474 ratione?
1993 1401 2488 1497 coc.Eloquar;

341 1507 523 1595 Quia
548 1509 724 1574 enim
755 1533 958 1602 quom
988 1509 1325 1604 extemplo
1344 1513 1628 1581 veniunt
1642 1514 2054 1585 conductum
2083 1537 2396 1608 coquom,
2435 1534 2488 1574 ιε

338 1619 559 1687 Nemo
596 1615 787 1685 illum
822 1619 1065 1711 quaerit
1110 1621 1226 1713 qui
1262 1637 1615 1714 optumuS‚
1650 1638 1718 1691 et
1753 1623 2235 1695 carissumu’st:

338 1725 543 1796 Illum
580 1728 975 1810 conducunt
1016 1731 1280 1823 potiuS‚
1326 1733 1443 1825 qui
1480 1731 1942 1803 vilissumu’st.

340 1842 488 1907 Hoc
526 1863 652 1934 ego
690 1839 785 1907 fui
825 1839 1025 1908 hodie
1062 1839 1243 1912 solus
1279 1842 1588 1912 obsessor
1624 1843 1777 1914 fori.

340 1951 430 2018 Hi
468 1948 805 2018 drachmis
834 1952 1044 2020 issent
1085 1952 1350 2039 miseri3
1386 1978 1494 2021 me
1532 1979 1730 2022 nemo
1771 1969 1992 2048 potest

340 2187 539 2258 pendet
565 2214 616 2242 ι.
643 2190 719 2244 Μ.
748 2192 929 2244 Senec.
956 2191 1212 2246 Controv.
1237 2191 1320 2243 111
1343 2210 1358 2244 ε

350 2293 375 2316 ιι
402 2271 451 2320 Α
476 2270 685 2340 superis
708 2267 933 2342 dejecta,
954 2270 1023 2322 ab
1045 2270 1229 2323 inferis
1250 2289 1361 2323 non

334 2361 577 2420 recepta,
622 2350 679 2402 in
720 2351 873 2421 cujus
918 2367 1130 2428 poenam
1166 2350 1359 2403 Saxum

337 2426 717 2481 exstruendum
738 2441 814 2481 est
838 2455 884 2482 ι.
908 2424 1121 2482 Gnmn*

422 2527 477 2577 7.
506 2507 719 2560 Mortuis
746 2527 927 2560 coenam
948 2520 1151 2581 coquat.
1200 2509 1387 2578 Orc-us⁴

335 2586 485 2640 haud
510 2586 674 2641 dubie
701 2589 791 2641 hic
816 2588 1077 2658 accipitur
1104 2607 1205 2658 pro
1236 2588 1361 2641 Dite

336 2679 487 2738 patre
509 2680 601 2719 aut
621 2669 931 2723 Summano,
946 2668 1138 2730 Porr0,
1159 2668 1360 2720 mortui

336 2765 448 2798 non
478 2759 602 2800 sunt
626 2747 900 2814 ciborum,
941 2761 1028 2800 aut
1056 2745 1358 2800 eduliorum

334 2825 654 2898 indigentes.
686 2826 875 2892 Quivis
902 2825 1158 2899 appositi,
1199 2827 1357 2879 etiam

337 2905 555 2971 insulsi,
576 2906 641 2960 iis
662 2907 905 2979 placent,
931 2907 975 2960 si
1002 2904 1136 2976 quid
1158 2906 1223 2958 iis
1236 2907 1363 2978 pla·

339 2998 475 3050 cest,
494 2986 689 3057 quibus
708 2987 845 3038 nihil
863 2998 1039 3058 potest
1056 2984 1357 3056 displicere.

339 3065 529 3118 Facete
568 3084 695 3136 ergo
741 3066 831 3119 hic
871 3066 1237 3136 descripturus
1276 3085 1363 3120 co·

338 3163 507 3215 quum
545 3145 803 3200 insulsum
825 3183 838 3204 ,
886 3145 1017 3199 dicit
1058 3163 1181 3197 eum
1222 3145 1364 3198 inter

340 3225 578 3278 viventes
612 3226 839 3279 mortuis
878 3227 1057 3280 cibum
1096 3243 1363 3297 coquere,

338 3304 513 3376 iisque
538 3305 665 3358 solis
682 3344 697 3369 ,
723 3324 891 3377 quum
914 3305 1050 3358 nihil
1078 3318 1365 3376 quantum·

340 3383 422 3437 vis
467 3384 874 3438 insulsissimum
926 3385 1229 3458 appositum
1278 3384 1364 3437 his

341 3465 507 3534 possit
526 3461 826 3534 displicere,
850 3484 971 3517 eum
992 3465 1219 3536 placere.
1236 3465 1365 3518 Haec

342 3544 707 3597 venustissima
744 3544 905 3615 hujus
949 3544 1058 3598 loci
1104 3545 1365 3598 sententia

344 3635 453 3688 est,
487 3642 647 3694 quam
677 3643 789 3676 non
814 3622 1069 3680 viderunt
1099 3625 1364 3695 interpre-

342 3715 439 3774 tes.
464 3704 635 3756 Boxu.

431 3799 521 3835 ιη.
558 3783 637 3835 Tu
672 3783 803 3834 solus
821 3797 1005 3852 praeter
1026 3784 1194 3836 alios?
1227 3784 1371 3836 Box-

343 3860 566 3914 hornius
590 3863 734 3915 vult:
762 3890 785 3912 ι
802 3863 915 3915 Cur
945 3877 1001 3916 tu
1030 3863 1200 3928 solus,
1225 3875 1371 3917 caete-

343 3941 417 3992 ris
460 3939 770 4006 conductis,
812 3944 1027 3996 relictus
1070 3955 1124 3996 et
1172 3944 1373 3996 otiosus

344 4018 603 4074 sedebas?
631 4046 652 4067 »
684 4020 789 4074 Sed
816 4021 1092 4094 ingenium
1117 4021 1375 4080 orationis

344 4099 567 4152 damnat
586 4101 960 4171 interpretem.
983 4103 1206 4155 Sensus:
1228 4130 1249 4151 ι
1263 4104 1376 4156 Cur

346 4178 566 4232 sedebas
610 4170 879 4249 (nondum
930 4179 1282 4245 conductus),
1332 4183 1375 4234 si

348 4277 471 4312 eras
497 4260 639 4314 solus
666 4274 863 4334 praeter
898 4274 1147 4329 ceteros,
1183 4261 1240 4316 id
1272 4275 1375 4327 est,

1460 2191 1716 2257 eximius,
1757 2192 2224 2262 prestantissimus
2255 2211 2487 2265 coquus,

1460 2285 1520 2324 ut
1549 2284 1602 2326 te
1631 2271 1830 2342 jactas?
1867 2278 2003 2326 Nam
2031 2272 2325 2343 gloriosum
2343 2312 2360 2338 ‚
2403 2274 2488 2326 in-

1458 2351 1664 2404 sulsum
1683 2349 1846 2404 modo
1865 2371 1989 2405 eum
2014 2353 2392 2424 opprobrabat.
2414 2353 2485 2406 N.

1548 2447 1570 2482 1
1584 2432 1637 2484 3.
1657 2431 1920 2501 Inprobior
1939 2451 2131 2504 coquos.
2160 2432 2344 2484 Minus
2362 2451 2487 2502 pro·

1456 2510 1613 2574 batus
1628 2529 1772 2574 sum3
1801 2511 1978 2564 minus
2001 2529 2163 2582 opera
2198 2530 2314 2565 mea
2341 2512 2485 2566 cives

1458 2601 1702 2642 utuntur.
1754 2591 1832 2641 Ita
1876 2590 2019 2642 enim
2074 2609 2176 2642 vox
2228 2591 2488 2662 improbior

1456 2667 1548 2720 hic
1587 2667 1918 2739 accipienda.
1960 2669 2082 2722 Non
2112 2671 2256 2722 enim
2283 2671 2403 2723 vult
2429 2689 2486 2724 se

1458 2749 1660 2801 malum
1695 2763 1750 2802 et
1785 2749 2043 2801 insulsum
2071 2766 2184 2801 esse
2211 2767 2448 2821 coquum
2466 2788 2484 2815 ,

1458 2828 1550 2880 sed
1582 2827 1912 2882 carissimum
1945 2845 2089 2894 esse,
2125 2825 2356 2899 ideoque
2389 2829 2489 2882 mi-

1456 2927 1560 2961 nus
1585 2909 1823 2979 probari.
1843 2910 2017 2961 Boxn.

1546 3005 1568 3040 1
1585 2981 1638 3042 5'.
1667 2988 1828 3057 Quom
1851 2988 2086 3058 extemplo
2100 3026 2116 3054 ,
2139 2987 2316 3040 statim
2341 3005 2424 3040 ac.

1547 3086 1640 3136 19.
1691 3067 1771 3118 Hi
1815 3068 2059 3119 drachmis
2104 3071 2254 3119 issent
2299 3069 2479 3120 miseri.

1457 3148 1523 3200 In
1570 3147 1739 3200 altero
1784 3145 1906 3200 cod.
1947 3159 2027 3199 est
2080 3147 2321 3198 drachmis
2360 3159 2484 3199 sent.

1460 3225 1627 3290 Quod
1648 3227 1822 3296 palam
1846 3227 2022 3298 arguit
2033 3227 2089 3278 τὸ
2113 3229 2154 3277 is
2175 3225 2488 3297 posterioris

1458 3306 1608 3359 vocis
1642 3325 1673 3358 a
1713 3306 1821 3359 fine
1862 3304 2214 3378 praecedentis
2252 3323 2363 3357 esse
2400 3306 2489 3358 ab·

1460 3399 1722 3456 soz-ptum.
1742 3387 1854 3450 Illi,
1873 3385 2070 3457 iuquit,
2091 3384 2360 3439 drachmis
2382 3385 2490 3436 siu·

1460 3466 1598 3536 gulis
1636 3465 1896 3519 conducti
1938 3467 2100 3519 issent
2126 3484 2250 3518 cum
2282 3463 2490 3518 condu-

1461 3559 1618 3598 cente
1653 3543 1877 3598 domum
1909 3563 1924 3598 ε
1971 3564 2070 3616 ego
2107 3557 2168 3598 ut
2195 3563 2404 3614 surgam
2436 3557 2492 3601 et

1464 3644 1580 3678 eam
1599 3665 1614 3690 ,
1669 3645 1778 3678 non
1837 3644 2051 3696 possum
2108 3623 2324 3688 induci,
2386 3622 2490 3676 nisi

1466 3723 1727 3768 nummo,
1772 3705 1876 3758 hoc
1939 3718 2018 3757 est
2037 3743 2052 3769 ,
2106 3703 2314 3756 duabus
2367 3701 2493 3757 dra-

1468 3784 1663 3847 chmis,
1687 3797 1747 3838 ut
1776 3785 2026 3856 superius
2048 3782 2274 3836 dictum.
2299 3783 2490 3855 Neque
2517 3851 2523 3862 .

1469 3865 1615 3917 enim
1644 3882 1831 3916 aureus
1855 3866 2131 3916 Romanus
2155 3862 2494 3933 intelligitur,

1467 3956 1531 3996 ut
1554 3944 1858 3996 voluerunt.
1885 3943 2072 4014 Neque
2100 3962 2237 4014 opus
2261 3943 2494 3996 drachma

1470 4028 1618 4076 issent
1635 4043 1656 4084 ,·
1683 4024 1807 4092 quia
1833 4023 2074 4094 loquitur
2101 4021 2169 4076 de
2198 4023 2400 4077 multis.
2427 4023 2499 4076 Et

1472 4117 1552 4156 est
1596 4103 1752 4174 quale
1804 4104 1860 4155 in
1914 4121 1999 4156 xu
2045 4104 2221 4158 Tahh.
2264 4127 2284 4148 α
2306 4103 2495 4155 Libras

1475 4182 1632 4236 farris
1661 4184 1716 4234 in
1744 4181 1859 4235 dies
1883 4181 2012 4236 dato
2034 4209 2056 4231 ι
2080 4222 2096 4250 ,
2133 4185 2187 4237 h.
2212 4203 2260 4238 e.
2287 4199 2501 4254 quoquc

1478 4259 1568 4316 die
1601 4262 1814 4318 libram.
1839 4260 2035 4318 Giton.
