3067 5017
491 432 507 445 ⁴
581 442 715 515 166

1300 446 1970 553 PsEUDoLth‚

569 570 861 638 Minoris
899 570 1255 662 quisquam
1300 593 1507 658 numo
1553 585 1631 639 ut
1667 588 1932 666 surgam
1955 626 1972 655 ‚
2011 575 2337 669 subigere.

570 684 726 753 Non
768 694 895 774 ego
926 680 1083 747 item
1120 703 1377 747 coenam
1416 680 1697 764 condio,
1735 696 1811 750 ut
1845 682 1960 751 alii
1997 687 2230 777 coqui,

569 791 709 879 Qui
749 790 915 857 mihi
948 788 1219 859 condita
1261 804 1453 881 prata
1487 790 1558 857 in
1598 788 1844 884 patinis
1881 794 2271 886 proferunt,

566 905 780 970 Boves
817 900 933 994 qui
971 900 1286 969 convivas
1322 899 1611 987 faciunt,
1655 900 2032 997 herbasque
2069 906 2439 999 obgerunt‚

564 1014 696 1079 Eas
731 1010 973 1079 herbas
1008 1009 1235 1078 herbis
1272 1008 1421 1079 aliis
1456 1035 1662 1103 porro
1699 1013 2070 1099 condiunt,

566 1120 827 1191 Indunt
862 1120 1294 1190 coriandrum
1319 1174 1337 1208 ,
1372 1120 1740 1189 feniculum
1763 1175 1783 1208 ‚
1813 1122 2078 1212 allium,
2108 1140 2330 1195 atrum
2362 1126 2553 1211 olus;
2665 1150 2714 1186 2⁵·

566 1232 946 1326 Adponunt
979 1233 1303 1301 rumicem
1324 1284 1343 1319 ‚
1372 1232 1774 1320 brassicam,
1813 1234 2074 1324 betam,
2112 1236 2390 1325 blitum3

564 1344 669 1411 Eo
704 1341 1037 1436 laserpicii
1074 1340 1314 1412 libram
1354 1342 1586 1436 pondo
1626 1340 1932 1431 diluunt3

567 1455 839 1522 Teritur
880 1454 1133 1547 sinapis
1168 1450 1485 1521 scelerata
1520 1476 1676 1520 cum
1715 1452 1844 1523 illis
1879 1479 1895 1521 :
1939 1454 2055 1547 qui
2095 1469 2364 1541 terunt,

565 1563 968 1658 Priusquam
1007 1563 1374 1646 triverunt,
1412 1561 1592 1631 oculi
1630 1576 1708 1632 ut
1745 1562 2114 1652 exstillent,
2149 1564 2330 1634 facit..

565 1672 651 1741 Ei
694 1671 999 1755 homines
1036 1693 1259 1740 coenas
1302 1671 1429 1739 sibi
1469 1672 1768 1766 coquint.
1801 1675 2032 1763 Quom
2078 1676 2440 1760 condiunt,
2497 1734 2504 1741 .
2659 1697 2716 1734 so

560 1784 721 1853 Non
764 1780 1210 1851 condimentis
1254 1780 1615 1870 condiunt,
1654 1782 1770 1851 sed
1806 1784 2158 1879 strigibus,

564 1893 753 1961 Vivis
788 1893 1090 1961 convivis
1125 1893 1437 1962 intestina
1484 1916 1634 1987 quae
1670 1894 1961 1964 exedint.

560 2007 712 2072 Hoc
741 2002 894 2072 heic
930 2002 1201 2097 quidem
1239 2003 1555 2073 homines
1592 2018 1730 2071 tam
1770 2004 2040 2073 brevem
2081 2006 2288 2074 vitam
2321 2004 2578 2087 colunt,

563 2114 795 2202 Quom
822 2113 1019 2182 hasce
1047 2112 1289 2182 herbas
1311 2114 1701 2206 hujusmodi
1731 2115 1800 2182 in
1831 2141 2027 2185 suum
2063 2116 2284 2185 alvom
2313 2131 2718 2213 congerunt,

558 2226 615 2293 F
617 2222 1059 2293 ormidolosas
1101 2222 1283 2292 dictu
1309 2277 1327 2311 ‚
1373 2248 1515 2293 non
1550 2250 1665 2293 esu
1694 2224 1939 2295 modo:
2119 2244 2126 2251 ’
2662 2248 2716 2285 ³⁵

562 2337 753 2428 Quas
789 2334 1031 2403 herbas
1074 2335 1365 2430 pecudes
1406 2359 1550 2405 non
1585 2336 1832 2423 edunt,
1877 2337 2186 2405 homines
2221 2336 2449 2406 edunt.

565 2466 768 2533 ΒΑΗ..
815 2444 1005 2533 Quid
1039 2443 1167 2514 tu?
1210 2446 1471 2515 divinis
1500 2446 1946 2517 condimentis
1983 2462 2202 2534 utere,

562 2550 707 2643 Qui
745 2578 1113 2651 prorogare
1146 2555 1353 2625 vitam
1391 2558 1606 2652 possis
1642 2557 2066 2645 hominibuS,

562 2663 703 2755 Qui
737 2689 816 2734 ea
852 2663 1081 2758 culpes
1120 2664 1598 2737 condimenta?
1630 2692 1786 2740 coc.
1825 2668 2166 2739 Audacter
2199 2666 2406 2735 dicito
2433 2693 2448 2735 :

647 2878 735 2911 22.
765 2856 911 2909 Mihi.
940 2856 1135 2909 Bacch}
1156 2856 1261 2920 IV,
1299 2876 1363 2926 9,
1399 2870 1590 2929 27.'—-·

570 2936 785 2991 Condita
816 2948 986 3006 prata.
1015 2936 1252 2990 Tantum
1288 2950 1590 3009 congerunt

560 3017 875 3070 herbarum.

650 3094 736 3150 25.
768 3096 949 3149 Atrum
972 3095 1095 3148 olus.
1126 3096 1322 3149 Atrum
1354 3098 1473 3149 olus
1498 3112 1586 3150 ac-

562 3176 797 3247 ceperim
856 3189 961 3247 pro
1018 3174 1253 3247 insipido
1277 3215 1294 3242 ‚
1359 3177 1586 3248 ingrato.

560 3252 1044 3328 Atrum,¹'nigrum‚
1084 3262 1187 3325 pr'o
1220 3257 1363 3310 malo
1396 3270 1451 3309 et
1504 3257 1591 3311 in-

557 3347 709 3405 grato·
735 3335 931 3407 passim
958 3337 1199 3405 ponitur.
1226 3336 1478 3390 Gnorcov.
1509 3370 1590 3381 —

561 3414 807 3486 Atriplex
831 3415 917 3467 vel
936 3414 1357 3486 hipposelinum.
1384 3418 1558 3470 Scau.

646 3496 958 3549 26.Btimm.
979 3495 1177 3548 mitum
1200 3514 1366 3567 genus
1388 3498 1550 3551 oleris
1567 3534 1584 3559 ,

557 3592 589 3627 a
619 3575 821 3646 saporis
850 3587 1071 3645 stupore
1107 3576 1437 3647 appellatum
1472 3594 1587 3630 esse

537 3660 622 3706 ‘eit
665 3664 841 3726 graeco
880 3666 1138 3727 putatur,
1189 3655 1337 3726 quod
1388 3658 1456 3709 ab
1499 3656 1588 3710 his

557 3732 681 3799 βλὰξ
710 3729 921 3811 dicatur
950 3734 1187 3806 stupidus.
1217 3734 1431 3789 Festus.¹
1452 3735 1582 3790 vid.

554 3814 718 3867 True.
742 3814 845 3880 IV,
871 3821 924 3879 4.
956 3815 1144 3868 Gnosi.

642 3905 733 3965 ²7·
762 3895 1065 3965 Lam-picti,
1106 3892 1383 3966 silphium.
1420 3895 1582 3949 Conf.

552 3972 696 4028 Rud.
729 3975 848 4041 111,
880 3994 909 4027 ,α
933 4012 949 4041 ,
981 3978 1071 4028 16.

638 4074 729 4124 ²9·
769 4054 1053 4107 Exstitlent.
1086 4054 1308 4107 Terent.
1353 4054 1575 4109 Phorm.

549 4135 627 4195 V,
659 4136 693 4189 8
726 4154 739 4185 ε
786 4158 809 4182 «ι
830 4132 988 4185 Hisce
1015 4150 1113 4203 ego
1142 4132 1290 4185 illam
1319 4133 1477 4186 dictis
1504 4136 1578 4189 ita

492 4276 495 4280 ἵ
546 4213 647 4268 tibi
683 4214 955 4267 incensam
990 4211 1159 4276 dabo,
1190 4204 1266 4266 Ut
1292 4232 1361 4265 ne
1386 4216 1577 4267 restin-

1687 2875 1848 2930 guas,
1908 2857 2161 2931 lacrymis
2214 2858 2258 2911 si
2307 2858 2632 2911 extillaveris
2662 2883 2713 2913 ι.

1687 2938 1801 2991 Ubi
1853 2940 2132 2992 Donatus:
2167 2938 2402 3003 Stillare,
2457 2950 2536 2991 est
2589 2951 2714 3009 gut-

1684 3031 1762 3072 tas
1792 3020 2038 3072 emittere
2069 3035 2098 3071 e
2129 3036 2374 3089 corpore.
2405 3019 2711 3081 Exstillare,

1683 3098 1860 3170 ipsum
1882 3115 2076 3171 corpus
2095 3098 2346 3169 guttatim
2367 3098 2541 3151 finire.
2563 3098 2672 3151 Gn.

1771 3178 1862 3231 30.
1911 3179 2088 3233 Coenas
2135 3178 2230 3231 sibi
2285 3181 2492 3251 coquint.
2555 3178 2714 3231 Tales

1688 3258 1850 3329 coqui
1896 3278 2074 3312 coenas
2117 3257 2430 3331 hujusmodi
2482 3257 2584 3310 sibi
2626 3275 2716 3309 co·

1687 3348 1887 3409 quamn
1914 3358 2027 3391 non
2055 3339 2199 3404 aliis,
2229 3350 2320 3392 aut
2351 3338 2502 3391 mihi.
2525 3337 2714 3390 Gnozc.

1769 3416 1863 3469 31.
1896 3417 1999 3470 Sed
2029 3418 2277 3489 strigibus.
2317 3417 2546 3489 StrigeS‚
2587 3431 2714 3471 aves

1681 3504 1992 3564 nocturnae,
2037 3510 2100 3551 ut
2140 3498 2213 3552 ait
2250 3498 2494 3551 Verrius.
2537 3496 2714 3549 Groeci

1684 3577 1890 3649 ςρίγγας
1937 3578 2242 3650 appellant:
2271 3578 2416 3631 unde
2455 3576 2712 3629 maleficis

1684 3657 2002 3713 mulieribus
2056 3677 2254 3711 nomen
2305 3656 2544 3711 inditum
2603 3668 2713 3721 est,

1683 3752 1815 3807 quas
1845 3737 2099 3791 volaticas
2121 3736 2280 3790 etiam
2303 3749 2516 3790 vocant.
2548 3736 2711 3789 Seu..

1682 3845 1764 3859 —-
1787 3817 2062 3889 Significat
2091 3816 2436 3871 condimenta
2469 3834 2590 3887 quae
2615 3814 2712 3868 alii

1681 3897 1840 3969 coqui
1862 3896 2146 3963 adhibent,
2174 3896 2508 3969 distorquere
2527 3896 2712 3949 convi-

1677 3977 1757 4029 vis
1796 3977 2076 4042 intestina,
2126 3988 2187 4030 ut
2230 3978 2418 4047 striges
2451 3974 2711 4047 quasdam

1676 4058 1922 4111 mortuis.
1947 4058 2176 4110 Tumu-

1761 4138 1792 4189 3
1805 4138 1854 4191 3.
1873 4133 1986 4189 Hoc
2000 4176 2015 4203 ,
2037 4154 2121 4189 eo.

1763 4215 1854 4270 38.
1883 4218 1998 4287 Qm‘.
2029 4215 2205 4268 Aulul.
2225 4214 2328 4281 III,
2353 4212 2409 4280 5,
2431 4218 2528 4269 28.
