3067 5017
698 560 837 657 296
1541 558 1990 643 Rumam,

688 709 882 755 amr.
926 681 1157 751 Palam
1190 706 1355 777 age,
1392 680 1552 751 nolo
1591 705 1898 750 murmur
1933 678 2146 750 ullum
2169 732 2189 769 ‚
2225 704 2442 774 neque
2477 705 2828 752 susurrum

974 791 1143 865 fieri.

680 926 875 975 DAEM.
914 904 1047 973 Dic
1082 902 1283 988 mihi,
1332 901 1568 994 quanti
1612 898 1792 969 illam
1833 899 2052 969 emisti
2107 914 2296 969 tuam
2340 898 2619 969 alteram
2678 926 2830 970 mu-

971 1010 1319 1082 lierculam
2809 1012 2827 1037 '

680 1122 1173 1218 Ampeliscami‘
1207 1144 1410 1192 LABR.
1444 1118 1632 1191 Mille
1661 1144 1904 1189 numos
1941 1118 2390 1189 denumeravi.
2432 1140 2625 1189 DAEM.
2665 1120 2804 1189 Vin

966 1233 1089 1301 tibi
2769 1246 2829 1285 ⁵·

676 1343 1151 1439 Conditionem
1195 1339 1608 1411 luculentam
1640 1341 1815 1409 ferre
1851 1338 2011 1409 me?
2042 1362 2247 1409 hum.
2287 1340 2464 1407 Sane
2497 1336 2667 1408 volo.
2711 1414 2716 1421 ,

669 1477 863 1524 DAEM.
887 1451 1258 1522 Dividuom
1282 1449 1610 1520 talentum
1637 1450 1900 1519 faciam.
1935 1472 2141 1519 Luni.
2164 1453 2346 1518 Bene
2372 1448 2596 1517 facias,
2621 1472 2818 1518 DAEM.

959 1565 1094 1630 Pro
1133 1558 1246 1629 illa
1284 1558 1524 1648 altera,

667 1662 941 1740 Liberta
979 1684 1055 1739 ut
1083 1670 1196 1756 sit,
1232 1668 1584 1737 dimidium
1621 1668 1744 1737 tibi
1781 1692 2000 1754 sume,
2037 1666 2393 1737 dimidium
2431 1668 2590 1736 huic
2624 1668 2818 1738 cedo.

668 1804 872 1851 mnu.
906 1784 1242 1850 Maxume.
1276 1802 1471 1849 DAEM.
1510 1784 1644 1849 Pro
1680 1777 1798 1848 illo
1825 1778 2107 1848 dimidio
2137 1802 2262 1872 ego
2299 1780 2590 1873 Gripum
2624 1780 2820 1847 emit·

967 1904 1107 1961 tam
1148 1914 1389 1974 manu,

668 2000 895 2088 Quem
930 2014 1209 2095 propter
1247 2014 1322 2068 tu
1365 1997 1667 2070 vidulum
1689 2052 1712 2086 ‚
1749 2014 1819 2068 et
1854 2024 1980 2095 ego
2018 2013 2288 2093 gnatam
2321 1998 2570 2067 inveni.
2606 2023 2816 2071 LABR.

957 2112 1135 2177 Bene
1181 2107 1383 2180 facis:
2763 2131 2818 2171 ⁵⁵

667 2217 976 2287 Gratiam
1013 2218 1229 2287 habeo
1266 2240 1613 2313 magnam.
1667 2240 1862 2289 amr.
1911 2219 2137 2308 Quam
2173 2242 2329 2287 mox
2369 2219 2535 2287 mihi
2575 2243 2815 2314 argen-

955 2342 1100 2400 tum
1140 2352 1300 2423 ergo
1342 2328 1693 2398 redditur?

654 2460 848 2508 niu-zu.
888 2440 1021 2508 Res
1056 2436 1274 2511 soluta
1296 2438 1411 2525 ’st‚
1447 2440 1662 2533 Gripe
1701 2464 1717 2507 τ
1753 2462 1881 2534 ego
1922 2438 2163 2508 habeo.
2205 2462 2398 2509 unu».
2431 2438 2708 2530 Hercle,
2737 2456 2812 2511 at

954 2573 1081 2643 ego
1115 2572 1223 2617 me
1257 2547 1547 2619 mavolo.

657 2680 850 2727 nam.
901 2658 1133 2744 Nihil,
1165 2658 1429 2746 hercle,
1465 2659 1617 2728 heic
1653 2658 1778 2726 tibi
1817 2673 1949 2745 est,
1990 2684 2076 2728 ne
2114 2672 2190 2729 tu
2232 2682 2455 2752 speres
2487 2683 2504 2726 t
2531 2658 2808 2753 jurisju-

952 2767 1145 2837 randi
1186 2767 1343 2837 volo

648 2875 957 2944 Gratiam
1006 2874 1231 2945 facias,
1283 2900 1475 2947 emp,
1544 2877 1752 2962 Perii,
1789 2874 2059 2947 hercle!
2102 2876 2230 2945 nisi
2267 2900 2377 2945 me
2411 2877 2805 2971 suspendo;

947 2984 1192 3055 obcidi.

656 3095 1021 3192 Nunquam
1048 3148 1067 3179 ,
1110 3095 1376 3181 hercle,
1436 3096 1681 3165 iterum
1735 3094 2122 3165 defrudabis
2171 3119 2278 3163 me
2321 3095 2591 3191 quidem
2648 3111 2804 3191 post

946 3204 1131 3275 hunc
1162 3204 1361 3275 diem.
2747 3227 2802 3267 σο

656 3334 847 3384 nain.
866 3314 1034 3385 Heic
1050 3315 1253 3384 hodie
1278 3329 1540 3385 coenato
1556 3369 1577 3404 ,
1598 3314 1771 3385 lenc.
1792 3339 2001 3386 LABR.
2034 3312 2215 3384 Fiat!
2245 3314 2541 3384 conditio
2559 3314 2795 3409 placet.

650 3445 843 3494 DAEM.
880 3424 1251 3521 Sequimini
1279 3424 1459 3494 intro
1481 3450 1499 3494 z
1524 3410 1952 3521 spectatores,
1987 3449 2107 3495 vos
2132 3448 2399 3521 quoque
2421 3424 2507 3493 ad
2535 3450 2796 3495 coenam

943 3556 1176 3601 vocem
1200 3586 1220 3621 ,

645 3641 739 3713 Ni
776 3640 1056 3710 daturus
1088 3641 1259 3710 nihil
1295 3643 1457 3731 sim,
1485 3666 1704 3738 neque
1739 3642 1827 3711 sit
1859 3641 2226 3737 quidquam
2265 3639 2546 3736 pollucti
2574 3641 2794 3730 domi,

729 3814 825 3871 ⁵8.
868 3816 1205 3886 lurisjamnda·
1252 3817 1371 3869 volo
1424 3817 1673 3873 Gratiam.
1764 3816 1824 3871 id
1838 3857 1856 3885 ‚
1872 3816 2021 3890 quod
2042 3819 2285 3889 juramen
2293 3829 2350 3870 to
2369 3818 2694 3890 promissum
2717 3832 2797 3873 est

644 3895 756 3961 Qui
786 3894 1168 3966 jusjurandum
1193 3896 1424 3950 remittit
1439 3935 1457 3962 ,
1498 3918 1521 3941 ι
1541 3897 1676 3952 Gra·
1762 3898 1908 3952 ultro
1922 3936 1939 3965 ,
1981 3899 2094 3952 sive
2130 3888 2218 3965 (nt
2254 3893 2364 3961 hic)
2405 3899 2656 3970 pactione
2697 3900 2795 3952 ali·

642 3975 773 4028 tiam
801 3975 1153 4046 jurisjurandi
1186 3977 1360 4029 facere
1381 3974 1582 4031 dicitur
1603 4003 1626 4025 n
1651 3995 1668 4031 ε
1760 3996 1899 4049 qua,
1928 3977 2252 4043 remittitur,
2294 3990 2423 4031 tunc
2449 3979 2609 4031 etiam
2630 3980 2794 4050 juris-

639 4053 732 4125 qni
768 4057 989 4124 praestiti
1020 4054 1372 4127 jurisjurandi
1410 4056 1670 4127 religione
1755 4056 1974 4128 jurandi
2009 4057 2230 4129 gratiam
2256 4056 2397 4111 fieri.
2422 4058 2640 4111 Sueton.
2661 4058 2788 4111 Tib.

640 4133 876 4204 aliquem
912 4133 1135 4200 liberat,
1176 4134 1219 4187 is
1258 4135 1421 4189 etiam
1448 4137 1665 4207 jurisju-
1755 4156 1874 4208 cap.
1901 4136 1971 4190 35
1999 4152 2014 4189 ε
2061 4136 2289 4207 «Equiti
2311 4154 2457 4190 rom.
2471 4136 2788 4208 jurisjuran-

630 4210 789 4265 randi
810 4213 1034 4283 gratiam
1067 4214 1213 4267 facit.
1245 4214 1428 4286 Atque
1464 4234 1531 4268 ex
1559 4215 1665 4269 hoe
1751 4215 1811 4270 di
1837 4217 2062 4287 gratiam
2087 4216 2218 4269 fecit
2239 4240 2288 4269 ι.
2312 4217 2462 4270 Βεν.

628 4292 807 4349 Plauti
822 4293 941 4347 loeo
959 4290 1234 4349 evidenter
1250 4306 1663 4366 appar-et,quum
1839 4296 1933 4348 63.
1966 4295 2197 4349 Pallanti.
2222 4294 2279 4349 Si
2301 4296 2459 4349 nobis
2477 4307 2613 4351 emet
2633 4312 2786 4351 coena
