3067 5017
693 439 836 512 328
1528 439 2007 522 STICHUS‚

685 587 850 633 ΡΑΝ.
889 565 1056 630 Hem
1083 612 1103 646 ‚
1140 557 1355 652 quid?
1387 559 1845 654 Epignomum
1884 557 2237 628 elocutus?
2284 581 2444 630 etr..
2490 561 2715 630 Tuum
2747 561 2833 630 vi·

982 694 1128 736 rum
1158 720 1178 755 ,
1221 682 1290 737 et
1331 669 1535 736 vitam
1578 693 1818 737 meam.

689 805 834 851 nm.
874 779 1108 863 Venit,
1145 778 1439 870 inquam.
1490 802 1656 848 ΡΔΝ.
1693 776 1863 847 Tun’
1903 801 2059 847 eum
2106 778 2328 873 ipsum
2366 779 2648 851 vidisti?
2686 805 2825 852 mn.

978 893 1083 958 Ita
1122 913 1286 982 ego,
1327 886 1587 957 lubens·

684 1000 968 1094 Argenti
998 999 1277 1094 aurique
1293 998 1558 1068 advexit
1578 994 1891 1066 multu'm.
1914 1021 2082 1068 ΡΑΝ.
2110 997 2331 1069 Nimis
2360 997 2609 1072 factum
2638 997 2825 1068 bene.

687 1135 846 1181 ent..
889 1106 1166 1195 Hercle,
1217 1133 1376 1179 vero
1414 1109 1679 1203 capiam
1714 1131 1985 1201 scopas,
2023 1122 2229 1202 atque
2270 1107 2405 1177 hoc
2444 1115 2827 1177 confierram

983 1216 1244 1287 lubens.
2780 1235 2826 1275 ⁵1

685 1354 835 1401 mlv.
888 1332 1144 1398 Lanam
1187 1352 1694 1423 purpuramque
1735 1327 2043 1398 multam.
2080 1354 2240 1400 cnr..
2276 1333 2448 1399 Hem
2470 1382 2489 1417 ,
2531 1327 2650 1423 qui
2690 1353 2832 1398 ven·

981 1454 1152 1507 trem
1194 1438 1495 1507 vestiam.

683 1578 833 1624 nm.
871 1556 1114 1622 Lectos
1153 1549 1468 1619 eburatos
1487 1601 1506 1636 ,
1544 1564 1837 1620 auratos.
1877 1574 2035 1620 cnr..
2078 1547 2451 1619 Adcubabo
2488 1548 2687 1642 regie.

683 1688 835 1733 mn.
870 1664 1046 1760 Tum
1077 1658 1480 1754 Babylonica
1520 1659 2026 1753 peristromata,
2062 1673 2478 1752 consutaque
2520 1659 2767 1753 tapetia

693 1769 981 1840 Advexit
1013 1769 1298 1838 nimium
1329 1768 1521 1838 bouae
1545 1769 1664 1838 rei.
1697 1793 1855 1841 Get..
1878 1768 2151 1857 Hercle,
2175 1793 2317 1838 rem
2349 1783 2603 1864 gestam
2631 1768 2827 1840 bene!

689 1909 841 1955 nm.
882 1887 1077 1968 Post,
1106 1897 1182 1951 ut
1213 1883 1476 1977 obcoepi
1513 1908 1823 1973 narrare,
1861 1884 2204 1973 fidicinas,
2243 1883 2588 1970 tibicinas,
2786 1905 2832 1944 ⁵⁶

781 2050 874 2104 53.
904 2048 1171 2102 Ebumtos.
1189 2048 1279 2103 Sic
1309 2048 1470 2120 Apul.
1506 2074 1529 2097 ι
1549 2050 1728 2103 Ehore

699 2130 934 2184 nitentes
970 2129 1096 2182 lecti
1118 2154 1167 2182 ι.
1215 2131 1295 2181 Ex
1335 2148 1398 2181 eo
1442 2130 1587 2182 enim
1630 2129 1729 2182 fie-

692 2211 827 2262 bant
863 2221 970 2262 tam
1010 2208 1379 2271 cubiculares,
1422 2227 1585 2280 quam
1629 2209 1728 2262 tri·

695 2287 960 2343 eliniares.
983 2289 1162 2340 Varro
1189 2305 1206 2340 τ
1254 2309 1278 2332 ι
1297 2288 1480 2354 Quum
1510 2289 1567 2340 in
1598 2289 1730 2341 ebo-

697 2380 817 2423 rato
837 2368 980 2421 lecto
1011 2385 1076 2421 ac
1110 2369 1372 2438 purpurei
1404 2368 1583 2439 operis
1612 2381 1730 2421 toro

701 2448 902 2503 cubare
921 2445 1100 2501 videas
1118 2459 1375 2518 aegrotum
1400 2474 1446 2500 ι.
1478 2449 1650 2502 Οοιν.

787 2529 880 2592 54.
907 2527 1216 2599 Consutaque
1242 2531 1444 2597 tapetia.
1471 2527 1569 2582 Al.
1583 2527 1732 2582 sellu·

704 2620 772 2662 ra.
801 2608 977 2679 Lege:
1010 2607 1205 2660 bellura.
1235 2607 1417 2661 Sentv.
1439 2639 1521 2650 -—-
1550 2607 1735 2660 Consu·

703 2700 864 2757 taque.
932 2686 1151 2740 Con-suta
1206 2689 1387 2756 tapetia
1441 2685 1580 2739 dixit
1626 2687 1734 2740 hoc

696 2767 822 2822 loco
853 2767 1106 2831 Plautus,
1143 2783 1268 2838 qna
1302 2766 1505 2820 Graecis
1533 2767 1736 2836 ῥαπτά,

701 2844 934 2905 κεντητὰ,
949 2841 1390 2918 ῥαπιδοποικιλτοὶ..
1407 2833 1737 2900 renascamini

705 2926 908 2980 Graecis
951 2925 1229 2989 assimili-ai,
1268 2928 1352 2997 qui
1384 2946 1475 2978 acu
1499 2926 1732 2994 faciunt,

703 3019 767 3059 ut
791 3005 860 3058 de
881 3003 1341 3075 Phrygibus'dicit
1364 3005 1588 3058 Plinius.
1602 3007 1737 3058 Ter·

709 3085 966 3138 tullianus
1017 3084 1290 3156 Phrygum
1343 3083 1402 3138 in
1457 3083 1739 3156 pingendis

709 3165 945 3218 vestibus
972 3163 1259 3218 artificium
1278 3201 1295 3228 ,
1333 3177 1386 3217 et
1412 3164 1737 3236 Babylonio·

708 3244 854 3298 rium
903 3244 960 3296 in
1012 3243 1296 3316 pingendis
1350 3245 1739 3314 peristromatis

663 3379 678 3384 ,,
706 3323 778 3377 ita
805 3336 1041 3395 separat,
1068 3336 1128 3376 ut
1157 3323 1460 3394 Phrygibus
1487 3323 1737 3376 insuendi

705 3415 908 3469 artem,
953 3402 1266 3473 Babyloniis
1311 3402 1591 3456 intexendi
1647 3405 1739 3457 tri-

707 3483 857 3536 buat.
892 3484 1030 3537 Sane
1057 3482 1340 3553 Babylonii
1374 3482 1614 3553 stragulis
1643 3501 1735 3536 ve·

707 3563 907 3628 stibus,
951 3581 1080 3635 quas
1125 3563 1446 3634 pingebant,
1489 3562 1734 3617 diversos

707 3643 915 3696 colores
941 3642 1250 3696 intexebant
1276 3661 1290 3695 ε
1325 3641 1416 3694 sed
1444 3662 1530 3696 ars
1557 3655 1734 3696 tamen

708 3721 823 3776 baec
853 3739 1040 3776 eorum
1069 3713 1328 3793 pingendi
1349 3740 1448 3775 acu
1475 3734 1586 3775 tota
1610 3740 1734 3792 per·

707 3802 1009 3873 agebaturz.
1050 3820 1214 3872 quare
1261 3819 1372 3854 non
1423 3803 1600 3856 minus
1658 3805 1735 3853 in-

709 3899 870 3940 suere,
917 3899 1078 3954 quam
1113 3883 1320 3934 intexere
1352 3879 1461 3932 dici
1497 3892 1733 3950 possent.

709 3959 849 4013 Nota
876 3961 967 4014 illa
993 3961 1284 4014 Martialis:
1319 3985 1342 4006 ι
1439 3960 1734 4032 Babyloni·

707 4057 770 4091 ca
800 4039 941 4110 picta
973 4041 1200 4111 superbe
1219 4040 1387 4092 Texta
1420 4039 1733 4094 semiramia

708 4137 828 4190 quae
865 4121 1134 4174 variantur
1181 4139 1278 4174 acu
1309 4145 1357 4171 ι.
1389 4120 1589 4173 Verum
1634 4121 1731 4174 etsi

705 4200 928 4271 utrique
967 4219 1064 4254 acu
1099 4210 1396 4264 uterentur,
1429 4209 1633 4254 constat
1656 4213 1730 4254 ta-

1814 2069 1941 2105 men
1967 2050 2237 2105 diversum
2266 2050 2637 2122 Phrygionum
2666 2062 2721 2104 et
2750 2069 2835 2104 eo-

1812 2151 1935 2185 rum
1989 2131 2085 2202 qui
2136 2131 2466 2202 Babylonica
2530 2131 2802 2185 variabant
2818 2168 2835 2195 ,

1814 2211 2203 2282 plumariorum
2237 2210 2525 2263 artificium
2560 2210 2750 2276 fuisse,
2784 2224 2835 2262 et

1814 2292 1873 2346 in
1920 2289 2147 2344 diversis
2208 2290 2464 2361 operibus
2522 2301 2691 2343 artem
2751 2307 2835 2342 eos

1816 2371 2132 2425 exercuisse.
2159 2368 2392 2423 Sanus.
2426 2401 2509 2412 —-
2540 2369 2839 2442 Con-tutaque

1725 2490 1744 2501 .
1817 2454 2019 2522 tapetia.
2038 2445 2245 2503 Mirum‘
2270 2461 2350 2503 est
2375 2449 2435 2502 in
2459 2448 2677 2504 suendis
2702 2461 2839 2520 tape-

1817 2531 1907 2585 tiis
1932 2530 2045 2584 istis
2078 2529 2313 2602 potuisse
2342 2529 2595 2601 occupari
2626 2548 2838 2600 magnos

1818 2610 1975 2664 etiam
2006 2610 2178 2673 viros,
2207 2608 2536 2678 scaligerum
2559 2621 2615 2662 et
2644 2609 2837 2663 Salma-

1822 2691 1980 2744 sium.
2012 2690 2151 2742 Ecce
2178 2688 2308 2752 tibi,
2347 2688 2443 2760 qui
2481 2689 2539 2741 in
2570 2701 2677 2743 vet.
2712 2687 2839 2744 edit.

1822 2769 2019 2842 reperit
2031 2769 2154 2821 se‘lla
2174 2780 2224 2820 et
2253 2771 2435 2838 tapetia
2452 2808 2467 2833 ,
2489 2781 2543 2821 et
2562 2767 2691 2822 inde
2718 2787 2839 2822 con·

1823 2849 1992 2903 stituit
2020 2849 2146 2900 solla
2178 2860 2227 2899 et
2266 2851 2463 2919 tapetia.
2504 2847 2670 2901 Liber
2706 2848 2842 2919 opti-

1824 2948 1942 2983 mus
1957 2967 1974 2994 ,
2015 2931 2387 2998 peristi-ornatore
2410 2927 2526 2980 silla
2564 2940 2614 2979 et
2643 2931 2837 2998 tapetia.

1822 3008 1980 3062 Alter
2000 3007 2189 3061 eodem
2214 3005 2399 3072 modo,
2414 3006 2517 3060 nisi
2536 3007 2685 3079 quod
2705 3008 2842 3073 sella,

1822 3101 1883 3142 ut
1918 3100 1973 3141 et
2004 3086 2371 3141 Academicus.
2405 3086 2541 3151 Quis
2572 3087 2701 3141 hinc
2734 3106 2842 3140 non

1820 3167 1999 3222 videat
2023 3165 2326 3222 faciendum
2352 3183 2368 3219 ε
2396 3188 2419 3209 ⁸¹
2444 3167 2839 3237 peristromata,

1820 3247 2155 3318 conchyliata
2180 3246 2414 3316 tapetia?
2444 3271 2467 3293 ι
2515 3259 2573 3300 ut
2598 3245 2840 3300 Pseudol.

1820 3327 1869 3392 1,
1906 3349 1933 3381 2
1955 3365 1971 3392 ,
2024 3334 2132 3392 14:
2169 3351 2194 3374 ι
2226 3326 2485 3386 belluam,
2514 3326 2843 3398 conchyliata

1820 3406 2015 3478 tapetia
2036 3432 2059 3454 ι
2073 3444 2085 3457 .
2098 3406 2210 3459 Ubi
2222 3406 2349 3459 item
2362 3405 2663 3459 castissime
2678 3424 2841 3458 mem-

1818 3487 2005 3542 branae
2026 3486 2233 3550 alterat,
2261 3485 2489 3537 consiliat
2510 3488 2705 3556 appeeia
2717 3505 2740 3548 ,0
2769 3485 2840 3538 al·

1817 3561 1966 3630 terte}
1988 3568 2192 3618 consilia
2217 3569 2462 3636 tappetia.
2486 3565 2556 3618 Et
2580 3565 2709 3618 item
2734 3565 2845 3617 frn-

1822 3658 1927 3699 stra
1949 3658 2026 3698 est
2050 3645 2316 3699 Gruterus
2340 3663 2462 3698 cum
2492 3647 2699 3698 commis
2718 3644 2843 3698 suis.

1821 3725 1932 3791 Qui
1956 3738 2134 3779 autem
2166 3725 2421 3777 consiliata
2452 3725 2722 3788 fecerunt,
2762 3737 2845 3776 te-

1818 3805 2085 3859 nebantur
2122 3823 2306 3858 errore
2342 3803 2708 3875 plusculorum
2750 3801 2848 3857 do·

1821 3896 2031 3937 ctorum
2076 3884 2318 3938 virorum
2370 3884 2618 3937 consilium
2666 3882 2845 3935 nescio

1818 3961 1955 4036 quid
1985 3982 2097 4017 esse
2139 3964 2195 4016 in
2222 3961 2478 4035 tingenda
2503 3979 2781 4035 purpura:
2813 3979 2846 4013 a

1818 4061 1927 4114 quo
1957 4062 2167 4114 semper
2192 4043 2347 4096 facile
2366 4043 2501 4106 cavi,
2522 4053 2575 4094 et
2594 4053 2841 4112 poterant

1817 4140 2005 4177 cavere
2040 4124 2154 4189 illi,
2191 4124 2236 4176 si
2273 4119 2591 4176 salmasium
2618 4118 2687 4172 ad
2712 4120 2851 4172 Ter-

1817 4203 2020 4257 tulliani
2040 4203 2271 4258 Pallium
2291 4201 2555 4272 legissent.
2578 4199 2763 4255 Gnon.
