3067 5017
604 510 735 585 138

1327 514 2008 603 PSEUDoLUS‚

595 645 697 711 Ex
733 640 863 708 hoc
898 637 1200 734 sepolcro
1239 652 1459 709 vetere
1502 640 1746 735 viginti
1783 640 1999 708 minas

600 749 950 819 chodiam
983 775 1107 845 ego
1144 748 1345 819 hodie
1367 802 1386 837 ,
1413 774 1581 843 quas
1618 746 1772 819 dem
1811 740 2010 818 herili
2039 747 2200 818 filio.
2706 785 2763 811 2.

588 866 790 934 Nunc
827 863 963 931 huc
1002 861 1368 931 concedam
1396 914 1415 948 ‚
1462 875 1544 931 ut
1583 855 1833 929 horum
1863 884 2237 929 sermonem
2285 856 2522 955 legam.

1097 1093 1551 1185 SCENA
1644 1028 2309 1222 QUINTA.⁹

962 1332 1218 1416 s1M0,
1269 1330 1772 1416 cALHPHO,
1823 1301 2392 1401 Psennoms

596 1554 740 1603 sm.
779 1533 848 1601 Si
880 1531 963 1600 de
994 1531 1332 1601 damnosis
1369 1527 1489 1601 aut
1528 1528 1613 1601 de
1655 1533 2070 1605 amatoribus

594 1642 904 1711 Dictator
944 1642 1063 1711 fiat
1107 1668 1289 1712 nunc
1332 1644 1616 1713 Athenis
1659 1644 1940 1729 Atticis,

599 1761 819 1830 Nemo
862 1756 1213 1826 antecedat
1253 1754 1435 1845 filio,
1485 1756 1730 1846 cred0‚
1775 1782 1967 1827 meo:

596 1870 701 1937 Ita
737 1891 921 1935 nunc
957 1890 1077 1960 per
1120 1863 1360 1935 urbem
1400 1866 1581 1937 solus
1625 1892 1844 1936 sermo
1891 1881 1991 1937 est
2026 1867 2381 1953 omnibus,

598 1978 775 2045 Eum
819 1974 986 2044 velle
1030 1978 1314 2045 amicam
1361 1977 1646 2047 liberare
1674 2032 1693 2066 ‚
1737 1994 1804 2051 et
1845 2003 2141 2072 quaerere
2739 2000 2762 2036 ⁵

604 2089 981 2181 Argentum
1018 2086 1105 2156 ad
1149 2112 1298 2157 eam
1333 2113 1481 2158 rem
1517 2114 1533 2158 :
1576 2088 1707 2159 hoc
1743 2088 1861 2158 alii
1903 2088 2073 2157 mihi
2114 2090 2546 2173 renunciant,

603 2200 829 2288 Atque
867 2196 936 2264 id
966 2198 1105 2289 jam
1145 2197 1407 2293 pridem
1450 2199 1674 2279 sensi,
1717 2214 1784 2267 et
1829 2199 2090 2268 subolet
2123 2195 2313 2267 mihi.

600 2330 843 2377 psum).
881 2306 1227 2377 Obcisa’st
1257 2309 1400 2377 haec
1434 2334 1569 2398 res,
1612 2309 1822 2378 haeret
1862 2309 1992 2377 hoc
2036 2308 2410 2403 negotium.

603 2418 762 2503 Quo
793 2417 860 2484 in
896 2432 1321 2488 conmeatum
1364 2414 1547 2488 volui
1594 2416 2057 2513 argentarium

601 2526 940 2597 Proficisci
964 2582 983 2615 ‚
1020 2528 1114 2597 ibi
1153 2524 1623 2624 nunc'oppido
1660 2528 2036 2624 obsepta'st
2071 2528 2200 2599 via.

610 2640 958 2707 Praesensit
986 2664 1007 2725 ;
1038 2638 1210 2708 nihil
1244 2655 1343 2709 est
1380 2638 1621 2734 praedae
1659 2638 2167 2735 praedatoribus

606 2773 769 2820 cat..
806 2750 1129 2819 Homines
1164 2750 1283 2845 qui
1321 2765 1618 2845 gestant,
1661 2748 1914 2845 quique
1951 2748 2330 2819 auscultant
2363 2748 2682 2831 crimina,

607 2862 678 2930 Si
722 2885 873 2929 meo
911 2862 1244 2930 arbitratu
1285 2860 1518 2945 liceat,
1551 2862 1808 2931 omneis
1846 2861 2224 2957 pendeant,

610 2973 926 3042 Gestores
970 2970 1217 3067 linguis
1240 3026 1258 3059 ,
1295 2972 1635 3041 auditores
1678 2974 1975 3043 auribuS.

697 3160 789 3211 19.
816 3142 904 3194 Ea:
924 3143 1013 3193 hoc
1034 3142 1249 3213 sepolcro
1278 3153 1380 3195 vet.
1415 3144 1596 3213 viginti
1615 3183 1630 3206 ‚

610 3233 715 3275 etc.
753 3222 941 3274 Putem
979 3234 1280 3293 respectum
1314 3220 1384 3274 ad
1420 3234 1636 3292 apertu·

612 3320 729 3354 ram
786 3301 1189 3371 sepulcrorum,
1244 3300 1313 3355 ad
1369 3300 1638 3355 eruendos

542 3397 562 3416 f
614 3380 905 3435 thesauros.
952 3383 1178 3435 Veteres
1236 3382 1377 3435 enim
1441 3382 1637 3453 partim

609 3462 802 3527 luxus,
852 3461 1049 3533 partim
1095 3463 1391 3515 securitatis
1438 3480 1634 3526 causa,

613 3540 898 3612 pecuniam
925 3541 1003 3593 ibi
1033 3540 1352 3595 condebant.
1392 3540 1638 3594 Fanum.

700 3638 791 3675 2ο.
838 3620 1005 3674 Ηενίἱὶ
1039 3620 1173 3693 filio.
1224 3623 1381 3675 Conf.
1434 3620 1639 3675 Cistell.

610 3700 713 3761 IV,
746 3722 798 3765 2,
828 3700 921 3755 83.

695 3800 723 3831 2
740 3798 791 3834 1.
818 3781 1023 3850 Legum,
1054 3782 1347 3851 sublegam,
1368 3780 1637 3851 colligam.

691 3880 743 3915 2.
770 3860 1111 3933 Dictatorfiat
1131 3881 1255 3912 nunc
1282 3861 1640 3915 Atleenis.N0-

610 3938 779 3993 minat
811 3960 961 3994 more
1004 3959 1101 3993 suo
1150 3941 1514 4012 magistratum
1559 3959 1642 3992 ro-

610 4040 831 4073 manum
869 4021 929 4073 in
969 4020 1187 4091 palliata
1218 4018 1511 4085 comoedia‚
1558 4020 1638 4073 in-

608 4101 909 4171 telligitque
966 4100 1139 4153 filium
1206 4092 1363 4153 suum
1437 4098 1636 4153 ducem

606 4180 1015 4251 principemque
1042 4196 1103 4233 ac
1136 4193 1295 4251 caput
1325 4200 1436 4233 esse
1462 4181 1636 4233 homi-

605 4280 737 4313 num
760 4279 943 4313 amore
964 4258 1322 4331 perditorum.
1347 4262 1532 4314 Giton.

1815 3160 1872 3211 9.
1910 3141 2054 3209 Quo,
2104 3137 2328 3192 adverb.
2371 3156 2472 3209 pro
2507 3137 2577 3189 ad
2612 3139 2766 3208 quod.

1733 3222 1778 3274 1.
1807 3241 1856 3277 e.
1884 3220 2158 3291 negotium
2178 3258 2194 3283 ,
2216 3236 2325 3289 quo
2349 3217 2502 3269 volui
2525 3236 2610 3269 me
2631 3230 2769 3269 con-

1735 3314 1960 3358 vertere,
1983 3304 2042 3351 nt
2059 3297 2186 3351 inde
2204 3308 2480 3369 argentum
2497 3298 2766 3349 elicerem.

1738 3382 2088 3434 commeatus
2109 3378 2281 3449 figura
2303 3378 2524 3430 militari
2543 3390 2604 3430 ut
2623 3394 2768 3445 saepe

1735 3461 1884 3521 alias.
1919 3456 2170 3512 Bacchid.
2199 3458 2300 3522 IV,
2332 3476 2397 3527 9,
2436 3456 2678 3520 145-52,
2710 3469 2768 3507 et

1735 3541 1967 3603 Pers.V,
2000 3558 2049 3603 ι,
2083 3558 2132 3592 1.
2163 3538 2231 3597 N.

1823 3640 1908 3674 10.
1947 3618 2174 3691 Oppido,
2221 3617 2462 3669 omnino.
2499 3612 2648 3668 Asin.
2675 3616 2768 3681 11,

1744 3724 1771 3756 2
1789 3742 1804 3769 ,
1838 3720 1864 3752 2
1880 3719 1928 3753 1.

1824 3801 1846 3835 1
1863 3800 1914 3832 2.
1959 3780 2063 3848 Qui
2099 3789 2324 3849 gestant,
2376 3776 2470 3847 qui
2521 3786 2772 3845 satagunt

1738 3878 1916 3914 serere
1943 3858 2186 3913 crimina.
2205 3854 2336 3911 Vid.
2357 3858 2506 3909 Poen.
2528 3854 2572 3912 1,
2599 3871 2651 3918 2,
2675 3858 2769 3908 60.

1827 3960 1848 3993 1
1864 3946 1916 4003 4.
1968 3938 2198 3993 Gestar-es
2239 3939 2448 4005 linguis,
2499 3948 2598 3987 etc.
2657 3934 2770 3999 Ut,

1739 4040 1847 4093 qua
1875 4020 1994 4091 quis
2021 4032 2173 4089 parte
2198 4028 2440 4088 peccaret
2457 4054 2472 4079 ,
2499 4010 2685 4067 eadem
2713 4027 2772 4066 et

1733 4102 2072 4171 plecteretur.
2089 4097 2176 4150 Sic
2197 4100 2396 4151 Seneca
2418 4094 2586 4165 Epist.
2613 4110 2638 4143 1
2654 4112 2679 4144 2
2693 4092 2722 4143 3
2750 4114 2763 4144 :

1732 4203 1757 4224 ι
1782 4179 2075 4232 Pessimum
2101 4196 2266 4247 genus
2295 4176 2578 4227 hominum
2610 4170 2765 4225 vide-

1733 4262 1920 4325 batur,
1951 4258 2042 4329 qui
2085 4258 2249 4311 verba
2285 4266 2552 4326 gestarent
2581 4246 2598 4303 ⁶:
2643 4266 2770 4305 sunt
