3067 5017
701 573 842 668 294

1535 567 1995 650 RUDENS‚

696 715 892 762 nm.
944 691 1100 780 Qua
1141 713 1269 784 pro
1309 713 1380 757 re
1425 704 1787 784 argentum
1830 685 2137 782 promisit
2176 687 2287 757 hic
2322 686 2491 755 tibi?
2532 709 2725 756 Gna».
2762 687 2839 756 Si

989 797 1294 867 vidulum

699 914 912 986 Istum
944 909 1338 1003 redegissem
1383 910 1454 977 in
1491 923 1885 1003 potestatem
1922 908 2111 1002 ejuS‚
2142 907 2407 1002 juratus
2432 906 2593 975 dare

706 1019 882 1092 Mihi
921 1017 1268 1092 talentum
1319 1043 1643 1112 magnum
1694 1019 1977 1114 argenti.
2046 1038 2254 1088 LABR.
2316 1005 2553 1088 Cedo'
2563 1016 2841 1110 quicum

994 1129 1276 1198 habeam
1305 1129 1606 1224 judicem
1624 1183 1643 1216 ,

701 1242 794 1312 Ni
825 1237 981 1312 dolo
1013 1237 1189 1308 malo
1225 1238 1651 1334 instipulatus
1684 1240 1807 1327 sis,
1844 1240 1994 1307 nive
2026 1239 2228 1308 etiam
2262 1238 2425 1307 dum
2464 1237 2628 1306 siem
2796 1255 2845 1295 ιε

707 1351 1029 1444 Quinque
1063 1364 1133 1418 et
1167 1350 1406 1444 viginti
1444 1365 1687 1444 gnatus
1731 1375 1963 1420 annos·
2012 1339 2455 1420 omn‘flabe
2496 1373 2654 1418 eum
2689 1347 2842 1416 hoc.

999 1484 1199 1529 mnu.
1237 1458 1392 1530 Alio
1422 1458 1504 1530 ’st
1538 1485 1727 1556 opus..

711 1594 903 1641 nAEu.
949 1573 1099 1638 Jam
1142 1570 1233 1638 'ab
1271 1570 1398 1638 isto
1435 1570 1699 1640 auferre
1743 1570 1927 1640 haud
1964 1570 2215 1655 sinam,
2268 1568 2396 1636 nisi
2438 1568 2640 1636 istum
2690 1591 2848 1636 con-

1007 1679 1430 1748 demnavero.

715 1789 1083 1860 Promisisti
1145 1788 1304 1857 huic
1358 1789 1765 1883 argentum?
1828 1813 2029 1860 nun.
2093 1793 2355 1858 Fateor.
2402 1811 2595 1858 nAEu.
2644 1783 2849 1875 Quod

1005 1923 1198 1967 servo
1240 1922 1392 1967 meo

713 2007 1086 2080 Promisisti
1106 2062 1126 2094 ‚
1159 2033 1383 2077 meum
1419 2034 1559 2078 esse
1592 2023 1898 2104 oportet3
1926 2033 2015 2077 ne
2044 2023 2123 2078 tu
2156 2006 2309 2077 leno
2342 2005 2637 2101 postules

716 2123 814 2188 Te
843 2117 992 2186 heic
1019 2114 1154 2186 fide
1189 2115 1453 2186 lenonia
1485 2119 1621 2206 uti;
1654 2145 1789 2187 non
1825 2135 2035 2213 potes.
2066 2143 2257 2190 amr.
2284 2121 2434 2187 Jam
2465 2131 2530 2186 te
2556 2129 2739 2186 ratus
2806 2139 2858 2179 ³0

717 2231 1060 2298 Nanctum
1086 2227 1422 2296 hominem
1446 2253 1646 2321 quem
1676 2228 2097 2300 defrudares:
2128 2227 2426 2297 dandum
2453 2227 2587 2296 huc
2617 2249 2858 2320 argen-

1014 2350 1156 2404 tum
1173 2335 1254 2405 'st
1291 2337 1577 2431 probum
1596 2365 1616 2425 ;

718 2445 951 2544 Idssgo
974 2447 1299 2517 continuo
1324 2448 1482 2517 huic
1511 2448 1686 2517 dabo
1704 2501 1724 2538 ‚
1754 2441 1922 2518 adeo
1958 2471 2066 2520 me
2101 2461 2177 2515 ut
2204 2434 2317 2516 bie
2346 2446 2607 2516 emittat
2629 2469 2856 2514 manu.

721 2657 831 2697 tam
873 2641 1103 2694 habebat
1145 2641 1399 2696 amissum
1453 2659 1751 2696 sacramen-

723 2735 857 2776 tum.
875 2715 1007 2774 Tun'
1027 2741 1128 2772 meo
1142 2759 1158 2787 ,
1175 2721 1422 2791 pontefex,
1442 2723 1659 2791 perjurio
1681 2742 1751 2785 es,

724 2803 867 2854 hanc
889 2801 1051 2853 habet
1079 2801 1395 2854 sententiam
1420 2821 1434 2852 ε
1471 2801 1639 2854 tibine
1676 2801 1749 2854 ob

723 2880 782 2932 id
797 2919 814 2944 ,
839 2894 1093 2950 tauquam
1119 2879 1361 2950 pontiflci
1379 2917 1394 2944 ,
1421 2877 1651 2934 debetur
1670 2899 1749 2934 sa·

723 2971 1052 3013 crumentum
1063 2957 1088 3009 ‘z'
1100 2957 1471 3012 Qum-Sed
1487 2961 1706 3013 Daceria
1720 2980 1751 3014 a

725 3038 1005 3094 Gronovio
1033 3038 1094 3090 in
1112 3055 1300 3092 eorum
1324 3040 1635 3092 sententiam
1653 3038 1757 3094 dis-

727 3115 872 3172 cedit
888 3155 905 3182 ,
932 3117 1024 3190 qui
1052 3130 1243 3188 putant
1273 3117 1380 3170 hoe
1403 3117 1525 3174 loco
1552 3119 1756 3190 signifi-

729 3198 838 3253 cari
856 3194 1122 3269 judicium
1145 3197 1429 3268 pontificis,
1440 3199 1534 3270 qui
1553 3197 1621 3252 de
1634 3218 1756 3270 per-

730 3278 885 3350 juriis
942 3278 1294 3347 cognoscebat
1310 3317 1326 3344 ,
1379 3289 1434 3330 et
1463 3280 1635 3349 eujus
1688 3298 1757 3333 ex

728 3369 996 3430 praeoepto
1017 3355 1214 3410 fiebant
1237 3355 1464 3426 piacula.
1478 3356 1643 3424 Quod
1662 3377 1759 3429 po·

733 3437 836 3490 tius
857 3433 1086 3490 videtur.
1110 3435 1180 3489 N.

816 3522 910 3578 24.
935 3515 1070 3568 Cedo
1095 3519 1282 3587 quaeum
1307 3515 1524 3570 habeam.
1560 3518 1755 3572 sensu·

728 3594 818 3649 hic
840 3607 945 3648 est:
977 3593 1128 3659 Quid
1147 3594 1212 3660 is,
1234 3594 1386 3666 quod·
1401 3595 1528 3648 dare
1547 3598 1756 3666 juratus

727 3693 845 3728 sum
863 3713 880 3740 ‚
907 3673 1109 3727 auferet
1135 3694 1166 3726 u
1197 3693 1282 3730 me
1306 3675 1534 3746 judicio,
1558 3675 1602 3728 si
1626 3693 1754 3745 pro-

727 3753 966 3806 baverim
984 3790 1002 3817 ,
1038 3765 1092 3806 te
1117 3753 1426 3824 stipulatum
1457 3773 1597 3819 esse,
1627 3753 1754 3809 dolo

728 3833 872 3886 malo
914 3853 926 3884 :
987 3846 1041 3887 et
1077 3851 1174 3904 per
1216 3837 1319 3886 hoo
1351 3834 1757 3904 stipulationem

633 3903 640 3916 ’
731 3931 844 3964 non
868 3912 1075 3965 valere:
1099 3929 1291 3984 meque
1307 3911 1494 3984 viginti
1516 3913 1756 3987 quinque

731 3993 880 4044 anuis
908 3989 1172 4044 minorem
1193 4011 1335 4057 esse,
1375 4005 1427 4046 et
1459 3994 1530 4044 ob
1564 3992 1623 4050 id
1647 3994 1759 4046 La-

733 4074 872 4124 torioe
928 4069 1050 4140 legis
1097 4071 1361 4126 beneficio
1420 4073 1499 4127 uti
1552 4090 1707 4142 posse
1730 4073 1754 4128 ἲ

729 4149 989 4202 anum.
1028 4181 1102 4193 —
1135 4150 1361 4206 Laetoria
1389 4153 1536 4223 lege,
1564 4154 1753 4224 viginti

731 4229 971 4303 quinque
1005 4229 1158 4284 annis
1192 4231 1452 4296 minores,
1487 4230 1753 4305 quidquid

741 4307 982 4382 stipulati
1025 4321 1226 4376 essent,
1261 4329 1392 4382 non,
1422 4313 1758 4370 tenebantur

1836 2643 1979 2714 Ergo
2002 2643 2183 2711 jocose
2208 2659 2264 2696 se
2290 2659 2389 2711 per
2412 2641 2552 2694 hanc
2581 2641 2753 2711 legem
2780 2661 2865 2696 so·

1835 2721 2011 2776 lutum
2045 2739 2209 2774 senex
2235 2719 2505 2792 praediout.
2535 2745 2558 2768 ι
2579 2721 2659 2773 Da
2694 2722 2859 2783 mihi.

1837 2802 2051 2872 inquit,
2099 2801 2329 2872 aliquem
2371 2818 2608 2872 quocum
2659 2813 2863 2855 certare

1836 2882 2055 2953 possim,
2078 2899 2203 2935 nam
2232 2895 2407 2936 tecum
2430 2893 2631 2934 certare
2652 2881 2863 2934 servulo

1839 2979 1951 3013 non
1989 2961 2092 3013 fert
2133 2960 2348 3012 animus
2369 2984 2420 3012 ι.
2440 2961 2669 3013 Locutio
2693 2962 2867 3014 solen-

1838 3039 1925 3093 nis
1976 3065 2001 3088 ι
2025 3039 2225 3100 habere
2256 3037 2495 3109 judicem
2532 3040 2628 3105 ni,
2675 3053 2779 3094 eto.
2801 3067 2824 3088 ι
2845 3079 2865 3106 ,

1842 3120 1882 3173 i.
1908 3137 1957 3174 e.
1994 3131 2197 3174 certare
2232 3115 2384 3189 apud
2411 3117 2679 3189 jndicem,
2703 3118 2781 3174 ita
2804 3133 2869 3173 nt

1844 3198 2083 3264 damner,
2104 3199 2163 3254 ni
2193 3199 2457 3270 arguerim
2480 3211 2536 3251 te
2562 3196 2691 3250 dolo
2723 3201 2867 3252 malo

1844 3279 2236 3350 instipulatum.
2261 3275 2470 3332 Eodem
2498 3275 2723 3336 modo·
2739 3277 2869 3334 dare

1840 3359 2037 3430 pignus
2058 3358 2199 3422 nisi,-
2216 3370 2318 3412 ete.
2345 3357 2582 3411 -Casim
2603 3358 2747 3412 Prol-
2772 3358 2867 3428 75.

1846 3439 2025 3509 Nugas
2068 3449 2247 3491 antem
2288 3439 2480 3508 jactat,
2534 3438 2735 3508 qnippe
2777 3438 2869 3492 cui

1842 3536 1999 3588 nuga
2026 3517 2349 3588 objiciantur
2379 3514 2651 3584 maxima,
2674 3517 2869 3570 seilicet

1842 3597 2051 3650 lenonis
2066 3595 2467 3667 jusjurandum.
2493 3595 2564 3650 N.

1926 3679 2017 3731 26.
2036 3675 2182 3728 Habe
2207 3695 2313 3730 cum
2337 3671 2861 3744 1100.Sci1.judioan.

1844 3755 2061 3810 certato
2097 3755 2383 3826 sponsione
2415 3773 2541 3810 oum
2578 3756 2868 3821 Doemone,

1838 3854 1954 3893 non
1981 3853 2210 3891 mecum.
2232 3835 2419 3890 Lum-
2640 3849 2646 3855 ·

1926 3934 2017 3984 27·
2062 3913 2177 3968 lam
2214 3914 2277 3966 ab
2320 3917 2431 3966 isto.
2483 3912 2649 3978 Quasi
2682 3911 2863 3966 dicut:

1844 3994 1968 4048 volo
2021 3990 2090 4046 de
2138 3994 2238 4048 hac
2288 3991 2650 4048 controversia
2700 4005 2873 4047 vestra

1842 4089 2212 4144 cognoscere:
2253 4071 2357 4126 nisi
2387 4084 2567 4126 autem
2598 4090 2630 4125 a
2665 4087 2753 4126 me
2778 4069 2874 4128 da·

1841 4165 2053 4208 mnatus
2092 4151 2163 4206 sit
2205 4149 2435 4234 Gripus,
2474 4149 2721 4208 vidulum
2763 4169 2873 4208 non

1848 4233 2071 4289 auferes.
2099 4232 2283 4290 Luta.

1932 4312 2019 4366 31.
2043 4312 2190 4398 ῌιω,
2210 4309 2279 4366 ad
2306 4331 2405 4366 me.
