3067 5017
637 374 767 448 162
854 378 1525 461 PSEUDOLUS,
1569 378 1911 447 ACTUS
1963 378 2076 460 ΙΙ,
2125 377 2448 449 SCENA
2500 376 2635 447 lv.

629 525 783 572 cAL.
832 500 1020 588 Quid
1072 526 1262 573 nunc
1294 500 1502 595 igitur
1539 501 1850 572 stamus?
1912 524 2156 570 PSEUD.
2219 500 2578 569 Hominem
2623 524 2788 571 cum

919 611 1333 679 ornamentis
1375 610 1692 679 omnibus

620 724 1037 797 Exornatum
1060 719 1370 790 adducite
1390 720 1473 789 ad
1495 745 1602 789 me
1621 774 1638 804 ‚
1668 720 1808 815 jam
1833 718 1920 789 ad
1950 720 2342 811 trapezitam
2369 718 2788 789 AEschinum.

623 830 754 915 Sed
782 843 1161 923 properate.
1195 854 1410 901 CHAR.
1442 830 1638 902 Prius
1668 828 1842 901 illeic
1873 830 2380 921 erimuS,quam
2401 844 2498 899 tu.
2532 854 2784 901 Psmm.

918 938 1117 1007 Abite
1160 963 1322 1032 ergo
1360 940 1571 1008 ocius.

624 1048 975 1143 Quidquid
1004 1050 1242 1121 incerti
1277 1050 1443 1119 mihi
1478 1051 1548 1119 in
1572 1050 1798 1122 animo
1833 1050 2055 1143 priuS,
2077 1063 2193 1117 aut
2216 1046 2613 1141 ambiguum
2635 1048 2788 1134 fuit,

624 1160 825 1229 Nunc
874 1159 1122 1253 liquet,
1167 1184 1349 1229 nunc
1394 1159 1787 1229 defaecatum
1809 1158 1891 1227 ’st
1937 1185 1952 1227 :
2008 1184 2126 1227 cor
2174 1158 2342 1227 mihi
2392 1184 2576 1233 nunc
2631 1185 2786 1253 per-

914 1270 1099 1351 vium
1127 1269 1230 1337 ’ΒΕ
2727 1306 2788 1345 7·

621 1380 896 1448 Omneis
933 1379 1201 1447 ordines
1238 1379 1362 1448 sub
1406 1379 1617 1472 signis
1663 1377 1938 1464 ducam,
1978 1376 2270 1470 legiones
2305 1402 2522 1464 meam,

622 1490 753 1561 Avi
793 1491 1091 1579 sinistra,
1132 1489 1435 1583 auspicio
1470 1488 1768 1583 liquido,
1805 1503 2007 1581 atque
2043 1497 2122 1557 ex
2157 1488 2488 1559 sententia
2520 1516 2535 1555 :

624 1598 1159 1669 Confidentia’st
1203 1600 1509 1667 inimicos
1545 1624 1729 1667 meos
1767 1623 1873 1665 me
1912 1623 2104 1691 posse
2143 1598 2438 1691 perdere.

619 1712 818 1781 Nunc
846 1711 957 1777 ibo
979 1710 1061 1779 ad
1088 1710 1307 1779 forum
1332 1762 1351 1794 ‚
1372 1724 1576 1802 atque
1595 1709 1890 1779 onerabo
1919 1709 2082 1777 meis
2116 1708 2462 1801 praeceptis
2478 1707 2785 1796 Simiam,

621 1822 807 1911 Quid
845 1836 1036 1915 agat,
1067 1846 1152 1889 ne
1186 1820 1348 1913 quid
1379 1821 1663 1902 titubet,
1692 1819 1886 1889 docte
1920 1834 1994 1887 ut
2028 1819 2204 1889 hanc
2234 1818 2401 1889 ferat
2429 1817 2784 1890 fallaciam.

616 1933 768 2001 Jam
806 1954 931 2023 ego
967 1929 1098 1998 hoc
1136 1930 1355 2023 ipsum
1394 1929 1722 2027 oppidum
1755 1944 2250 2023 expugnatum,
2289 1928 2444 1999 faxo
2468 1981 2488 2015 ,
2525 1931 2652 1998 erit
2690 1930 2789 2001 le-

916 2065 1245 2128 nonium„
2727 2058 2789 2108 076

1838 2218 1929 2269 7²·
1958 2198 2062 2251 Am·
2084 2200 2300 2251 sinistra.
2322 2198 2480 2251 Conf.
2509 2197 2671 2269 Epid.
2694 2200 2786 2264 11,

1759 2296 1910 2344 ²‚2.

1838 2358 1932 2427 73.
1963 2354 2272 2425 Confidentia
2295 2358 2374 2409 'sn
2403 2357 2599 2411 Nullus
2620 2356 2790 2421 dubi·

642 2186 655 2199 ’
705 2218 793 2268 70·
821 2200 1067 2269 Coe-perv.
1083 2199 1243 2251 Viam
1266 2217 1371 2269 qua
1400 2198 1466 2252 ad
1488 2218 1654 2252 even-

550 2314 557 2322 ·
624 2291 739 2333 tum
766 2298 879 2332 rem
914 2278 1174 2350 perducat
1196 2280 1419 2349 reperit.
1452 2280 1655 2333 Pervius

624 2360 730 2416 hoc
756 2360 879 2414 loco
902 2360 1075 2413 active
1099 2359 1343 2413 sumitur.
1368 2360 1439 2411 N.

706 2457 737 2509 7
751 2458 797 2492 1.
819 2438 1014 2491 Omnec's
1034 2440 1247 2491 ordines.
1264 2438 1445 2492 Litera
1466 2459 1510 2500 s,
1532 2456 1653 2508 quae

624 2519 799 2590 prima
850 2520 1116 2589 sequentis
1159 2518 1363 2571 voculae
1402 2518 1523 2581 sub,
1556 2516 1655 2570 fini

625 2597 975 2671 precedentis
995 2599 1169 2663 facile,
1190 2610 1253 2651 ut
1274 2598 1356 2661 fit,
1380 2597 1656 2651 adhaerere

622 2679 823 2749 potuit,
839 2678 984 2731 hunc
998 2679 1177 2730 locum
1195 2680 1453 2749 corrupit.
1467 2678 1655 2729 Omni-

620 2776 696 2811 no
733 2757 1135 2811 rescribendum
1163 2770 1296 2827 puto
1322 2775 1337 2809 .·
1378 2784 1401 2806 ι
1432 2758 1654 2811 Omneis

620 2835 817 2895 ordine
864 2838 964 2891 sub
1022 2836 1187 2907 siguis
1240 2836 1437 2889 ducam
1484 2837 1654 2907 legio-

620 2934 717 2973 nen
739 2936 882 2973 meas
909 2942 959 2969 ι.
982 2918 1133 2969 Nihil
1156 2918 1381 2982 certina,
1424 2930 1486 2970 ut
1510 2918 1652 2970 nihil

619 2996 859 3068 ineptius
874 2997 1086 3067 vulgata
1104 2997 1351 3049 lectione.
1382 2999 1555 3049 Boxu.
1570 3030 1652 3041 --

628 3078 863 3141 Ordines,
901 3076 1165 3130 cohortes.
1200 3106 1281 3119 -—
1328 3077 1429 3129 Sub
1473 3081 1648 3147 siguis.

623 3157 799 3211 Casin-
826 3158 925 3216 ΠΙ,
961 3160 1017 3220 6,
1052 3175 1075 3208 1
1088 3196 1100 3210 .
1121 3186 1201 3213 υ,-
1232 3158 1468 3227 Legiones
1498 3178 1646 3209 meas.

621 3236 855 3311 [nangius
899 3237 1109 3307 scripsit
1139 3256 1155 3288 ε
1207 3263 1229 3285 ι
1249 3236 1471 3291 ordines
1580 3238 1653 3289 le-

620 3316 794 3386 gionis
818 3334 949 3373 mem
978 3342 1025 3368 n.
1057 3317 1127 3369 N.

1755 2450 1810 2491 to
1833 2456 1846 2490 :
1871 2438 2064 2509 plenus
2086 2436 2232 2507 spei,
2266 2436 2378 2489 imo
2417 2451 2596 2489 certus
2628 2457 2749 2494 sum
2773 2481 2794 2507 ‚

1753 2518 1996 2571 futurum
2027 2528 2088 2570 ut
2117 2516 2362 2569 inimicos
2387 2536 2534 2569 meos
2557 2516 2790 2588 perdam

1706 2620 1720 2628 '
1750 2618 1813 2655 nc
1849 2611 2102 2654 evertam.
2138 2597 2506 2652 Ense-Meos
2542 2618 2613 2652 me
2638 2616 2790 2666 posse

1743 2678 1963 2748 perdere.
1995 2677 2181 2730 Oratio
2223 2676 2407 2729 similis
2438 2678 2515 2729 illi
2550 2678 2789 2751 Pythice

1749 2753 2004 2830 responso
2031 2778 2043 2807 ε
2078 2783 2099 2804 ι
2120 2757 2222 2807 Aio
2251 2750 2342 2821 te,
2379 2756 2630 2823 AEacida,
2672 2760 2788 2811 Ro-

1752 2856 1938 2891 manos
1965 2836 2180 2890 vincere
2211 2854 2420 2906 posse.-

1831 2924 1922 2986 74.
1947 2917 2175 2969 Onerabo
2199 2921 2314 2968 meis
2325 2920 2597 2987 proeceptis.
2622 2917 2784 2982 Quid

1747 2998 2055 3070 quastionis
2079 2997 2274 3068 pondus
2307 2994 2376 3049 ad
2403 3010 2650 3067 ptaeeepta
2667 3005 2696 3046 ,³
2717 2997 2784 3051 Si

1748 3097 1887 3149 opus
1929 3090 2086 3143 ‘ex-at,
2133 3074 2400 3147 poteraut‘
2434 3076 2662 3147 adjicere
2711 3096 2784 3131 ex

1751 3158 1872 3210 Mil.
1901 3156 2000 3221 ΙΙΙ,
2033 3158 2066 3210 3
2095 3177 2109 3207 :
2161 3184 2182 3205 ι
2213 3154 2426 3226 Ecquid
2457 3157 2546 3210 hie
2569 3170 2624 3211 te
2645 3176 2784 3211 one·-

1749 3238 1896 3291 ravit.
1909 3238 2194 3307 praeceptis
2211 3242 2234 3288 Ρ
2257 3262 2280 3288 ιι
2315 3237 2496 3290 Giton.
2521 3276 2529 3285 .

1791 3384 1804 3392 ᾖ
1833 3322 1929 3387 76.
1958 3317 2120 3369 Faxo.
2147 3318 2360 3388 Captiv-
2383 3318 2488 3379 III,
2517 3316 2572 3385 5,
2602 3319 2662 3371 31
2682 3354 2696 3367 .

1853 3640 1862 3651 0

1408 3662 1419 3667 —
1461 3648 1976 3681 m—--

1651 3687 1660 3697 Ι
