3067 5017
516 369 653 469 572
1132 425 1143 435 .
1280 368 1913 458 QUERoLth‚

518 499 819 591 giuntur.
881 516 1094 577 Qum.
1154 495 1409 563 Verum
1448 508 1570 561 est.
1624 514 1908 561 MANDR.
1951 490 2076 559 Vis
2128 504 2346 561 totum
2399 492 2678 562 audire?

516 608 835 677 Vicinum
850 604 1106 674 malurn
1133 605 1688 698 pateriS‚servum
1716 601 2102 696 pessimum.
2121 626 2334 685 QUER.
2359 606 2676 697 Agnosco

514 717 765 785 omnia.
802 739 1085 785 MANDR.
1126 716 1248 785 Vis
1285 728 1353 783 et
1394 712 1671 781 nomina
1714 710 2133 781 servulorum
2170 712 2434 783 tibimet
2471 695 2679 782 etiam

518 850 698 895 nunc
738 822 1059 917 eloquar?
1126 847 1339 905 QUER.
1378 821 1638 893 Audire
1676 822 1902 915 cupio.
1945 845 2228 893 MANDR.
2267 826 2513 893 Servus
2549 825 2678 893 tibi

516 951 618 1007 est
652 933 1107 1005 PantomaluS.
1146 958 1364 1017 Quen.
1390 936 1649 1003 Verum
1675 947 1796 1002 est.
1833 956 2116 1003 MANDR.
2151 940 2270 1004 Est
2297 932 2468 1003 alter
2493 938 2675 1004 Zeta.

517 1072 733 1131 QUER.
749 1045 1184 1117 Manifestum
1208 1060 1330 1113 est.
1352 1067 1496 1115 sYc.
1529 1048 1593 1117 O
1609 1044 2018 1113 sacerdotem
2041 1042 2372 1115 divinum!
2392 1070 2675 1116 MANDR.

520 1157 733 1227 Visne
750 1157 972 1228 adhuc
990 1154 1323 1249 amplius?
1350 1156 1582 1225 Scisne
1612 1179 1652 1222 a
1673 1179 1781 1222 me
1809 1154 2086 1223 domum
2118 1170 2304 1223 tuam
2335 1157 2682 1250 ignorari?

520 1288 733 1346 QUER.
798 1268 1112 1335 Maxime.
1180 1290 1461 1337 Mamm.
1519 1268 1832 1335 Porticus
1865 1266 1997 1336 ¹tibi
2034 1281 2134 1335 est
2177 1267 2248 1334 in
2287 1266 2558 1354 dextra,
2603 1282 2683 1335 ut

519 1377 915 1469 ingrediaris
958 1378 1321 1446 sacrarium
1366 1402 1403 1445 e
1454 1376 1741 1446 diverso,
1799 1400 2012 1460 thn.
2071 1380 2178 1445 Ita
2219 1390 2375 1445 sunt
2422 1378 2677 1446 omnia.

520 1470 803 1557 hanon.
837 1490 921 1555 In
956 1489 1245 1557 sacrario
1273 1488 1402 1555 tria
1439 1483 1677 1580 sigilla.
1708 1510 1921 1569 Quen.
1942 1490 2199 1557 Verum
2233 1500 2358 1557 est.
2399 1510 2680 1557 Mamm.

522 1596 777 1667 Tutelae
828 1624 1085 1687 unum,
1132 1600 1509 1669 Geniorum
1551 1596 1708 1666 duo,
1760 1620 1978 1678 QUI-211.
2029 1597 2316 1689 Jamjam
2371 1620 2682 1690 compro-

525 1708 696 1775 basti
728 1723 1125 1802 potestatem
1155 1734 1233 1777 ac
1256 1708 1680 1802 disciplinam
1709 1732 1724 1775 ε
1757 1733 1940 1777 nunc
1963 1709 2332 1777 remedium
2363 1708 2680 1802 promito.

524 1844 803 1889 MANDR.
828 1819 965 1890 Ubi
986 1818 1290 1888 celeriter
1318 1816 1580 1888 consuli
1605 1832 1825 1911 potest
1845 1834 1910 1887 et
1935 1819 2078 1887 sine
2103 1832 2327 1887 sumtu
2347 1842 2426 1886 ac
2452 1842 2679 1885 mora:

525 1930 892 1999 sacrarium
924 1943 1103 1997 certe
1133 1928 1348 1997 solum
1382 1953 1461 1996 ac
1494 1942 1823 1995 secretum
1847 1928 1966 1997 est.
1996 1953 2208 2012 QUER.
2239 1930 2364 1995 Ita.
2401 1952 2680 1998 MANDR.

526 2040 725 2108 Certe
768 2036 936 2105 nihil
972 2052 1073 2106 est
1112 2036 1213 2106 illi
1253 2037 1624 2105 conditum.
1669 2062 1876 2120 QUER.
1922 2038 2112 2109 Nihil
2155 2054 2400 2131 praeter
2435 2036 2678 2129 sigilla.

526 2172 807 2218 MANDR.
857 2148 1257 2217 Solemnitas
1300 2147 1608 2243 quaedam
1647 2148 1896 2218 ibidem
1933 2148 2330 2217 celebranda
2366 2164 2467 2217 est
2505 2176 2521 2217 :
2565 2148 2685 2216 sed

526 2256 759 2352 religio
789 2272 1008 2327 tecum
1020 2284 1261 2357 ‘omnes
1288 2258 1567 2329 exclusit
1583 2258 1782 2328 foras,
1814 2284 2032 2342 QUER.
2061 2258 2362 2329 Utlibet.
2391 2284 2678 2328 MANDR.

523 2366 789 2463 Religio
811 2394 930 2463 per
942 2385 1291 2439 extraneos
1319 2369 1715 2440 celebranda
1739 2386 1862 2439 est.
1888 2394 2101 2453 QUER.
2130 2375 2232 2439 lta
2248 2370 2385 2439 fiat.
2403 2394 2682 2440 MANDR.

524 2480 596 2545 Si
624 2480 949 2572 quosdam
993 2506 1347 2575 possumus
1392 2507 1574 2550 nunc
1611 2482 1912 2549 invenire
1954 2494 2091 2549 tam
2129 2476 2302 2567 cito,
2347 2480 2684 2573 optimum

528 2604 668 2657 erat
714 2605 915 2684 atque
952 2607 1413 2685 opportunum
1438 2645 1459 2679 ,
1490 2593 1599 2660 isti
1645 2594 1698 2660 si
1738 2590 1986 2659 vellent
2027 2616 2303 2685 operam
2339 2616 2522 2658 nunc
2561 2590 2686 2658 tibi

526 2698 704 2768 dare.
744 2723 953 2783 QUER.
982 2701 1265 2790 Quaem,
1308 2702 1546 2789 amici,
1589 2700 1891 2770 officium
1944 2723 2128 2769 nunc
2179 2714 2248 2769 et
2285 2696 2686 2793 'religionem

522 2810 898 2903 inpendite:
917 2836 1041 2905 ego
1056 2837 1324 2906 quoque
1344 2813 1398 2880 si
1416 2836 1588 2905 opus
1609 2811 1837 2897 fuerit,
1851 2813 2042 2880 vobis
2062 2836 2336 2905 operam
2356 2805 2688 2903 praestabo

530 2945 770 2989 meam.
796 2945 941 2994 sYc.
970 2920 1157 2992 Nihil
1188 2921 1457 3016 quidem
1503 2923 1704 2991 istinc
1741 2924 2048 2991 novimus
2084 2950 2100 2991 :
2141 2922 2256 2991 sed
2290 2922 2343 2991 si
2381 2922 2472 2989 ita
2511 2920 2686 2989 facto

526 3055 697 3125 opus
716 3047 839 3118 est,
855 3032 993 3101 fiat.
1024 3024 1712 3101 SARDssInhumanum
1735 3048 1836 3101 est
1849 3034 2021 3102 votis
2042 3058 2316 3127 operam
2332 3032 2684 3125 denegare.

440 3168 447 3175 ·
533 3165 821 3211 MANDR.
856 3147 1037 3211 Bene
1076 3142 1333 3212 dicitis:
1369 3143 1572 3211 ambo
1607 3145 1765 3211 estis
1802 3143 1990 3211 boni.
2030 3167 2244 3225 QUER.
2287 3144 2422 3211 Pro
2443 3137 2682 3209 ''nefasl

528 3276 722 3319 mene
752 3253 941 3345 quasi
968 3278 1049 3321 ex
1078 3251 1369 3321 consilio
1394 3278 1535 3321 non
1565 3251 1784 3321 solum
1823 3250 2008 3321 fore?
2035 3258 2208 3321 Hem
2227 3304 2246 3339 ‚
2266 3248 2689 3341 Pantomale‚

523 3358 824 3429 celeriter
843 3361 982 3453 jam
1018 3385 1200 3430 nunc
1226 3361 1495 3455 pervola
1514 3415 1535 3448 ,
1566 3376 1634 3431 et
1662 3363 1995 3430 arbitrum
2027 3364 2326 3429 vicinum
2351 3376 2685 3445 nostrum,

528 3471 935 3566 ubicumque
962 3472 1101 3564 jam
1154 3498 1336 3542 nunc
1388 3473 1744 3566 repereris5
1788 3498 2002 3567 usque
2052 3473 2136 3541 ad
2177 3496 2298 3541 nos
2350 3468 2685 3564 pertrahe.

533 3582 665 3654 Sed
704 3584 861 3651 novi
902 3598 1164 3677 egomet
1204 3597 1269 3651 te
1312 3610 1328 3651 ε
1374 3584 1544 3652 vade
1583 3583 1724 3675 jam
1775 3609 1958 3652 nunc
1975 3598 2058 3683 ¹et
2098 3583 2514 3676 cauponibus
2557 3596 2692 3651 tete

528 3692 726 3761 hodie
754 3692 1028 3762 colloca.
1063 3716 1343 3769 MANDR.
1379 3696 1442 3765 N
1446 3694 1636 3779 esciS‚
1659 3693 1978 3781 Querole‚
2005 3692 2216 3762 fatum
2242 3718 2319 3761 ac
2350 3692 2692 3761 decretum

530 3804 887 3872 momentis
918 3802 1106 3897 regi?
1134 3826 1342 3885 QUER.
1374 3804 1561 3893 Quid
1581 3804 1840 3899 igitur?
1867 3828 2146 3875 MANDR.
2169 3807 2353 3871 Hora
2377 3817 2508 3889 est,
2543 3826 2693 3895 syn-

529 3914 731 3980 astria
770 3913 952 3981 istaec
988 3912 1155 3982 mihi
1198 3911 1415 4009 placet
1456 3940 1471 3981 :
1520 3915 1649 3981 nis-i
1690 3915 1830 4009 jam.
1879 3940 2063 3983 nunc
2109 3912 2362 4007 aliquid
2411 3912 2692 4005 geritur,

524 4022 772 4099 frustra
811 4023 943 4091 huc
983 4024 1311 4099 venimus,
1360 4049 1568 4107 QUER.
1621 4028 1874 4093 Eamus
1919 4025 2125 4118 igitur
2163 4024 2368 4091 intus,
2408 4044 2687 4097 MANDR,

522 4137 626 4203 Tu
668 4133 965 4227 praecede
1000 4160 1015 4201 ε
1068 4158 1191 4211 nos
1247 4148 1469 4207 tecum
1515 4160 1773 4205 sumus.
1831 4138 2041 4230 Hem,
2085 4133 2269 4229 quod
2309 4131 2689 4212 exciderat,

1254 4513 1261 4521 ·
1330 4422 1343 4481 l
