3067 5017
826 433 1171 501 ACTUS
1224 435 1395 519 111,
1449 438 1784 507 scENA
1835 441 1929 506 11.

2315 440 2444 539 167

294 559 479 625 Nam
524 555 626 623 vel
665 555 957 624 ducenos
994 580 1209 625 annos
1244 572 1565 651 poterunt
1607 558 1856 647 vivere,
2145 583 2159 598 ‘
2399 590 2456 634 ⁴0

306 670 505 735 Meas
537 666 655 759 qui
690 666 1027 734 esitabunt
1066 690 1285 753 escas,
1324 693 1489 761 quas
1531 658 1912 740 condivero.¹

297 778 478 846 Nam
518 801 642 870 ego
682 775 1119 845 cicilendrum
1166 777 1436 871 quando
1484 781 1554 847 in
1602 782 1862 873 patinas
1905 782 2156 867 indidi,

296 887 438 953 Aut
474 884 953 979 sipolindrum‚
993 900 1111 954 aut
1151 886 1513 973 macidem‚
1553 906 1672 957 aut
1709 894 2204 987 sancaptidem‚

298 1000 413 1065 Eae
450 996 611 1092 ipsae
650 1021 789 1065 sese
822 998 1069 1090 patinae
1104 998 1549 1068 fervefaciunt
1595 999 1820 1069 inlico.

296 1112 457 1175 Haec
502 1106 587 1175 ad
617 1109 914 1200 Neptuni
950 1108 1249 1201 pecudes
1286 1108 1718 1179 condimenta
1763 1127 1918 1180 sunt
1953 1139 1970 1179 ε
2397 1142 2453 1187 ⁴⁵

300 1220 685 1285 Terrestres
718 1216 1005 1311 pecudes
1046 1219 1457 1287 cicimandro
1500 1220 1779 1300 condic,

300 1330 439 1395 Aut
479 1326 1000 1421 happalopside,
1038 1344 1159 1397 aut
1190 1331 1606 1399 cataractria.
1647 1354 1849 1399 BALL.
1879 1333 1966 1401 At
1998 1345 2064 1399 te
2093 1332 2359 1427 Jupiter

308 1437 565 1529 Diique
604 1438 863 1505 omneis
900 1438 1225 1531 perdant,
1270 1460 1425 1509 cum
1462 1440 1910 1510 condimentis
1955 1444 2123 1527 tuis,

312 1550 619 1640 Cumque
657 1548 789 1616 tuis
826 1549 971 1617 istis
1013 1538 1327 1619 omnibus
1373 1550 1756 1620 mendaciis,

306 1679 467 1727 coc.
500 1658 694 1744 Sine,
728 1659 854 1749 sis²
893 1658 1076 1754 loqui
1118 1686 1247 1730 me.
1278 1686 1477 1731 ΒΑΜ..
1520 1665 1868 1756 Loquere,
1905 1677 2108 1757 atque
2147 1664 2166 1730 i
2205 1664 2275 1731 in
2307 1682 2452 1733 ma·

593 1766 723 1836 l'am
766 1793 1057 1839 crucem.

2402 1794 2457 1834 50

308 1899 467 1945 con.
508 1877 645 1946 Ubi
686 1879 945 1947 omneis
976 1879 1226 1973 patinae
1262 1879 1561 1966 fervent,
1599 1881 1856 1951 omneis
1899 1884 2166 1978 aperi0‚

308 1990 373 2054 Is
413 1984 579 2055 odos
620 1987 931 2057 demissis
968 1989 1261 2083 pedibus
1296 1991 1367 2057 in
1403 1990 1638 2059 caelum
1675 1990 1901 2061 volat:

306 2100 479 2165 Eum
519 2097 589 2164 in
628 2097 906 2165 odorem
950 2112 1173 2167 coenat
1206 2100 1469 2193 Jupiter
1506 2099 1780 2168 cotidie:

313 2229 513 2276 BALL.
563 2207 756 2276 Odor
790 2209 1090 2279 demissis
1134 2210 1419 2304 Pedibus
1440 2211 1649 2281 Pcoc.
1687 2212 1964 2281 Peccavi
2002 2211 2307 2279 insciens,

310 2340 505 2386 BALL.
546 2318 734 2407 Quid
774 2319 919 2387 est?
946 2344 1099 2391 coc.
1136 2321 1315 2409 Quia
1355 2320 1538 2387 enim
1579 2319 1879 2387 demissis
1921 2320 2230 2389 manibus
2265 2318 2452 2388 volui

597 2428 837 2498 dicere.

2401 2452 2453 2491 55

318 2558 510 2607 BALL.
558 2538 631 2607 Si
674 2558 1007 2633 nusquam
1047 2540 1101 2607 is
1136 2553 1401 2609 coctum
1427 2592 1445 2621 ‚
1480 2537 1808 2632 quidnam
1847 2552 2066 2606 coenat
2099 2537 2410 2632 Jupiter?

310 2669 457 2717 coc.
499 2650 564 2715 It
603 2649 974 2717 incoenatus
1017 2643 1344 2743 cubitum.
1384 2672 1590 2717 BALL.
1627 2640 1760 2715 I'in
1799 2646 2038 2717 malam
2074 2672 2363 2717 crucem.

310 2759 636 2827 Istaccine
672 2784 875 2827 causa
911 2759 1033 2827 tibi
1078 2750 1279 2828 hodie
1318 2784 1604 2827 numum
1645 2757 1867 2827 dabo?

314 2890 465 2936 coc.
511 2870 756 2935 Fateor
796 2868 1105 2961 equidem
1151 2894 1291 2937 esse
1328 2894 1437 2937 me
1468 2894 1756 2963 coquom
1790 2869 2276 2937 carissumum:

388 3002 479 3065 43.
504 3003 769 3057 Macidem.
788 3004 955 3057 Macis
968 3042 985 3069 ,
1002 3016 1191 3057 cortex
1213 3023 1331 3060 aro·

310 3082 529 3135 maticns
548 3119 563 3149 ‚
604 3083 761 3137 nucis
804 3076 1091 3155 myristicae
1128 3085 1334 3139 amicu-

310 3161 435 3213 lum.

388 3240 478 3305 45.
498 3242 718 3313 Neptuni.
737 3263 847 3313 pec.
864 3243 1050 3313 pisces.

388 3328 482 3392 47.
510 3324 623 3377 Aut
643 3323 1019 3395 kappalopsidffi
1042 3336 1147 3377 etc.
1184 3323 1333 3375 Ficta

314 3402 487 3455 omnia
514 3404 736 3457 nomina
766 3394 1081 3474 joculariter
1112 3422 1142 3455 a
1174 3403 1333 3457 Plau-

314 3495 397 3549 to,
424 3495 483 3535 ut
512 3483 688 3537 aiunt..

392 3562 484 3615 53.
501 3565 631 3615 Eum
656 3565 707 3615 in
728 3563 938 3615 odorem.
961 3566 1029 3615 Τὸ
1058 3566 1111 3615 in
1138 3560 1329 3613 merito

210 3642 217 3651 ’
314 3638 554 3712 displicet
596 3642 821 3695 eruditis
859 3664 873 3695 t
919 3656 1057 3713 puto
1108 3644 1334 3711 conjun-

314 3722 541 3790 gendum
566 3741 677 3775 esse
704 3738 829 3775 eum
856 3722 1049 3775 odorem
1063 3762 1078 3784 ,
1104 3733 1159 3775 et
1188 3721 1330 3775 nido·

315 3820 403 3852 nem
422 3803 691 3873 scripsisse
710 3804 981 3855 Plautum.
996 3804 1289 3855 Boxuomr.

394 3883 483 3935 55.
506 3883 744 3935 Demissis
768 3885 986 3935 manibus
1013 3884 1183 3945 volui,
1222 3894 1327 3936 etc.

1430 3022 1595 3057 cocus
1627 3003 1840 3055 demissis
1871 3004 2073 3074 pedibus
2099 3019 2206 3074 pro
2245 3002 2458 3058 demissis

1432 3083 1648 3135 manibus
1679 3082 1925 3137 dixerat:
1953 3102 2078 3137 nam
2109 3080 2339 3155 pedibus
2363 3082 2457 3136 de-

1433 3164 1604 3216 missis
1637 3182 1746 3217 non
1786 3162 2042 3235 potuisset
2083 3163 2369 3217 subvolare
2398 3164 2454 3217 in

1428 3244 1618 3297 coelum
1648 3241 1811 3307 odor,
1855 3241 1950 3296 sed
1984 3243 2184 3297 inferos
2223 3234 2406 3313 petere
2437 3260 2452 3295 ε

1431 3342 1598 3393 quum
1621 3323 1863 3374 demittere
1877 3322 2022 3392 pedes
2035 3362 2052 3385 ‚
2081 3324 2172 3387 sit,
2191 3340 2281 3375 eos
2299 3321 2453 3375 deor-

1428 3422 1546 3457 sum
1578 3402 1790 3455 mittere
1821 3422 1836 3455 =
1878 3403 1952 3455 ita
1993 3414 2057 3455 e‘o
2093 3401 2260 3455 odore
2295 3401 2455 3455 inferi

1428 3482 1566 3553 pa‘sti
1599 3482 1854 3547 fuissent,
1889 3496 2002 3536 non
2027 3480 2225 3552 superi.
2263 3481 2350 3533 Sic
2376 3482 2454 3535 la-

1426 3563 1521 3615 bes
1566 3572 1721 3615 terrae
1767 3562 1826 3615 in
1867 3563 2036 3615 altum
2079 3558 2368 3614 desidentis
2397 3574 2453 3615 et

1428 3640 1720 3711 depressae,
1743 3654 1902 3712 poeta
1925 3642 2138 3693 demissis
2158 3640 2358 3709 pedibus
2381 3642 2457 3693 fa-

1426 3733 1535 3775 ctas
1564 3719 1696 3773 dicit
1720 3720 1776 3771 in
1803 3724 1995 3774 AEtna:
2036 3746 2058 3769 ι
2082 3720 2286 3774 Cervus
2311 3734 2363 3773 et
2392 3722 2451 3773 in

1426 3801 1576 3854 silvis
1609 3800 1836 3870 spatiosa
1866 3800 2062 3853 cubilia
2091 3812 2236 3852 retro
2258 3803 2452 3855 Antra·

1426 3899 1531 3951 que
1568 3879 1808 3935 demissis
1838 3878 2066 3950 pedibus
2095 3878 2292 3935 fodisse
2325 3881 2453 3935 late-

316 3963 550 4015 Demissis*
576 3964 797 4017 manibus
832 3967 1015 4029 currit,
1040 3962 1133 4032 qui
1162 3961 1328 4015 currit
1423 3962 1548 4013 bras
1570 3986 1618 4013 ι.
1639 3960 1823 4013 Tunn-

318 4043 706 4097 contentissime
733 4064 745 4093 ε
780 4044 907 4115 quia
940 4062 1107 4114 quum
1140 4038 1331 4111 rapido

316 4122 519 4175 incitati
537 4142 699 4177 eursu
716 4142 901 4179 sumus
914 4162 931 4185 ‚
956 4141 1143 4175 manus
1162 4133 1333 4173 utras·

318 4220 417 4269 que
451 4216 725 4257 moventes
758 4202 1107 4257 demittimus.
1142 4201 1217 4253 At
1244 4200 1334 4253 ine

1512 4041 1603 4109 57.
1671 4040 1741 4091 Ut
1787 4042 1879 4091 inc.
1938 4039 2166 4093 cubitum.
2245 4041 2452 4093 Incoemzs

1428 4119 1646 4189 scripsit
1685 4121 1924 4174 Plautus.
1960 4118 2103 4173 Vide
2144 4120 2317 4173 Gloss.
2362 4120 2456 4171 Isi·

1431 4199 1570 4254 dori.
1598 4198 1780 4254 Scluv.
