3067 5017
916 472 1258 547 Acrus
1307 468 1378 566 1,
1430 473 1760 551 scENA
1810 480 1907 549 11.
2340 502 2471 554 211

833 685 1262 803 SCENA
1327 688 1995 781 SECUNDA.-

501 882 1148 959 PLEUSIDIPPUS
1163 942 1184 973 ‚
1233 890 1697 961 DAEMONES
1718 939 1737 977 ‚
1790 894 2323 999 seEPARNIO.

331 1109 566 1155 ruens,
611 1088 698 1155 Et
738 1112 858 1154 vos
900 1110 940 1154 a
982 1084 1222 1154 vostris
1259 1084 1510 1153 abduxi
1550 1087 1868 1181 negotiis,

330 1198 569 1289 Neque
604 1190 673 1264 id
708 1194 1068 1291 processit,
1108 1220 1240 1289 qua
1283 1221 1402 1265 vos
1445 1195 1605 1264 duxi
1650 1198 1897 1291 gratia,

331 1309 569 1399 Neque
608 1306 795 1400 quivi
839 1304 1149 1374 lenonem
1183 1304 1268 1373 ad
1304 1309 1577 1398 portum
1623 1303 2060 1399 prehendere.

335 1415 463 1485 Sed
507 1440 658 1484 mea
695 1414 949 1484 desidia
985 1440 1172 1509 spem
1211 1414 1511 1483 deserere
1551 1409 1775 1503 nol‘ui3

333 1530 433 1595 Eo
468 1552 625 1614 vos,
663 1524 893 1611 amici,
927 1519 1187 1595 detinui
1223 1522 1499 1595 diutius.
2463 1550 2485 1595 ι

331 1638 534 1707 Nunc
564 1638 699 1706 huc
735 1636 821 1705 ad
851 1637 1137 1713 Veneris
1174 1634 1405 1705 fanum
1443 1635 1643 1705 venio
1671 1636 1914 1723 visere,

322 1747 456 1816 Ubi
499 1772 640 1816 rem
677 1746 976 1815 divinam
1015 1772 1084 1815 se
1121 1747 1456 1816 facturum
1490 1745 1766 1815 dixerat.

317 1880 507 1926 scer.
540 1858 610 1926 Si
641 1846 931 1951 sapiam,
950 1844 1083 1925 hoc
1103 1911 1123 1944 ‚
1142 1856 1326 1951 quod
1351 1882 1460 1925 me
1488 1872 1771 1942 mactat,
1803 1855 2203 1927 concinnem
2232 1848 2472 1929 lutum.

322 1990 558 2035 rmus.
601 1969 822 2061 Prope
854 1992 961 2035 me
995 1966 1154 2037 hine
1186 1968 1413 2035 nescio
1446 1967 1597 2063 quis
1640 1965 1959 2062 loquitur.
2014 1992 2206 2039 DAEM.
2250 1962 2471 2055 Hem,

611 2074 1012 2171 Sceparnio!

321 2212 512 2264 scEP.
539 2189 680 2280 Qui
715 2188 1019 2255 nominat
1048 2184 1201 2255 me?
1230 2210 1426 2257 Dffim.
1457 2186 1598 2275 Qui
1628 2210 1753 2279 pro
1788 2199 1853 2255 te
1880 2172 2237 2281 argentum
2259 2188 2465 2259 dedit.

318 2327 504 2374 scm’.
537 2300 751 2389 Quasi
789 2323 898 2367 me
932 2312 1123 2366 tuum
1159 2320 1299 2365 esse
1334 2320 1595 2366 servom
1637 2296 1851 2385 dicas,
1886 2298 2292 2371 Daemones?

321 2437 516 2483 DAEM.
553 2414 732 2481 Luto
767 2408 978 2479 usu'st
1015 2406 1270 2493 mult0‚
1309 2405 1593 2475 multam
1631 2421 1876 2478 terram
1913 2408 2248 2495 confode;

319 2522 568 2593 Villam
613 2518 1052 2614 integundam
1092 2515 1410 2614 intellego
1455 2531 1665 2585 totam
1702 2516 1915 2585 mihi:

313 2633 490 2702 Nam
525 2655 710 2700 nunc
746 2626 1053 2724 'perlucet
1085 2652 1196 2715 ea,
1228 2650 1431 2722 quam
1467 2626 1805 2714 cribrum,
1852 2625 2171 2696 crebriuS.

311 2766 549 2811 PLEUS.
588 2726 1140 2827 Panem-salveto,
1169 2726 1503 2831 amboque
1531 2735 1720 2805 adeo.
1757 2760 1954 2807 DAEM.
1985 2729 2215 2805 Salvos
2242 2738 2387 2809 sies.
2420 2760 2469 2799 ιε

312 2868 508 2923 seer.
544 2851 682 2922 Sed
709 2866 940 2920 utrum
971 2864 1046 2918 tu
1078 2874 1222 2917 mas
1243 2871 1332 2917 an
1362 2845 1612 2917 femina
1647 2870 1755 2932 ες,
1776 2847 1891 2939 qui
1926 2842 2119 2913 illum
2146 2860 2403 2939 patrem

313 2960 580 3033 Voces?
623 2976 864 3032 PLEUS.
905 2956 1030 3029 vir
1057 2972 1204 3028 sum
1239 2954 1574 3050 equidem.
1610 2972 1801 3025 DAEM'.
1840 2954 2083 3043 Quaere
2119 2953 2225 3023 vir
2258 2973 2464 3051 porro

370 3064 378 3069 ⁵
612 3087 895 3167 patrem.
2342 3076 2353 3081 “

310 3182 625 3256 Filiolam
653 3198 786 3279 ego
813 3196 1018 3265 una-‘m
1051 3178 1296 3263 habui,
1329 3202 1474 3247 eam
1515 3192 1722 3244 unam
1756 3173 2039 3269 perdidi.

307 3403 434 3439 rum
475 3380 671 3455 tegulis
702 3406 751 3433 ιι.
789 3374 930 3431 Plin.
965 3364 1198 3441 XXXV,
1235 3393 1302 3427 12
1327 3391 1344 3427 z
1432 3386 1575 3425 tores
1588 3361 1656 3423 ad
1672 3358 1989 3440 rapiendum
2016 3364 2178 3442 injus
2198 3372 2464 3427 lenonem.

274 3464 294 3471 ‘
311 3464 644 3535 «tegularum
671 3456 924 3513 extremis
943 3454 1264 3517 imbricibus
1292 3478 1342 3506 ι.
1433 3449 1564 3505 vid.
1588 3442 1737 3502 Poeu.
1758 3440 1871 3517 ΪῘῙ,
1900 3467 2080 3503 scenn.
2114 3447 2231 3504 1·6.
2272 3438 2342 3525 N.

309 3544 498 3597 Altera
525 3534 913 3613 significatione
945 3554 1102 3589 versu
1125 3533 1344 3606 priore,
1518 3534 1573 3585 8.
1611 3528 1821 3583 Mactat.
1862 3523 2093 3596 Mactat,
2130 3520 2340 3602 affligit.
2384 3524 2467 3587 ita

306 3622 471 3676 altera
517 3610 818 3695 posteriore
859 3616 1080 3669 Plautus
1122 3612 1344 3684 accepit.
1434 3611 1855 3681 interpretantur
1878 3608 2083 3662 Glossae
2111 3623 2335 3663 veteres.
2370 3606 2468 3667 Ni.

309 3701 498 3768 Quum
524 3702 658 3772 legis
682 3718 696 3752 τ
733 3720 754 3742 ι
778 3698 862 3750 Ita
887 3714 1142 3759 omnes»,
1165 3694 1347 3762 accipe
1433 3688 1512 3743 hil
1534 3708 1664 3760 ergo
1690 3688 1780 3741 hic
1810 3684 2150 3742 mutandum.
2185 3680 2357 3744 Boxn'.
2388 3726 2466 3735 -

307 3782 637 3853 ὓπερὸολικῶς
651 3818 668 3845 ,
689 3778 842 3851 quasi
865 3788 1015 3842 esset,
1039 3774 1112 3827 ita
1133 3774 1344 3845 passim.
1439 3771 1730 3823 concinnem
1746 3806 1760 3829 ,
1790 3766 1846 3821 id
1869 3781 1970 3834 est,
1994 3762 2296 3822 conficiam.
2320 3758 2465 3827 Nou.

311 3862 492 3917 Gnou.
991 3874 994 3879 ·
1435 3847 1852 3903 -Concinnem
1874 3848 2071 3914 lutum,
2095 3848 2469 3907 commisceam

397 3962 446 3997 1.
469 3943 546 3995 Ee
562 3960 654 3993 vos
676 3938 880 3990 abduxi.
912 3932 1218 4005 Alloquitur
1242 3932 1347 3983 ho·
1434 3941 1751 3983 caementum
1819 3926 2011 3997 tegulis
2083 3925 2434 3984 resarciendis
2458 3972 2473 3997 ,

311 4022 507 4088 mines,
539 4040 678 4093 quos
703 4035 887 4072 secum
924 4032 987 4066 ex
1022 4012 1156 4065 urbe
1181 4010 1346 4063 advo·-
1434 4008 1585 4081 quod
1613 4006 1961 4061 laboriosum.
2395 4008 2399 4015 ‘

311 4114 453 4156 catos
482 4100 788 4155 adduxerat
814 4086 951 4163 (vid.
974 4090 1053 4158 11,
1085 4114 1112 4146 2
1135 4130 1150 4155 ‚
1177 4082 1270 4161 9),
1293 4102 1354 4143 ut
1533 4087 1621 4141 15.
1656 4087 1828 4153 Pater,
1849 4083 2049 4141 salveto.
2082 4088 2170 4141 Sic
2200 4101 2384 4157 vocnt,
2414 4101 2475 4144 ut

313 4181 412 4235 sibi
444 4195 600 4236 testes
627 4178 881 4233 adessent
909 4172 1068 4227 simul
1104 4183 1158 4225 et
1198 4168 1351 4240 adju·
1443 4186 1627 4222 senem
1654 4168 1881 4238 juvenis.
1908 4164 2093 4222 Lana.

2185 4269 2289 4347 14.
