3067 5017
646 409 788 508 596
1399 411 1541 480 DE
1594 412 2003 482 PLAUTo

637 533 810 630 stylo
851 548 1054 628 atque
1091 531 1330 601 facetia
1365 533 1693 602 sermonis
1727 531 1973 603 Plauto
2004 536 2481 628 congruentis3
2536 563 2789 634 easque

622 646 766 740 jam
791 642 1178 712 nominibus
1202 640 1489 711 aliorum
1515 657 1879 738 occupatas
1901 640 2142 712 Plauto
2158 643 2556 717 vindicavit:
2582 649 2783 720 sicuti

631 759 861 842 istam,
891 778 1094 848 quam
1126 752 1514 847 nuperrime
1544 751 1963 848 legebamuS‚
1998 753 2110 823 cui
2147 770 2249 823 est
2272 775 2519 826 nomen
2538 813 2557 846 ,
2590 763 2783 830 Boeo-

635 869 765 936 tia:
798 890 953 935 uam
975 889 1186 959 quum
1209 861 1432 932 inillis
1461 888 1600 931 una
1634 877 1701 932 et
1727 862 1971 959 viginti
1992 888 2130 932 non
2153 865 2263 953 sit,
2288 881 2358 934 et
2376 893 2514 938 esse
2526 871 2783 964 Aquilii

629 978 913 1061 dicatur,
958 973 1128 1043 nihil
1169 988 1395 1042 tamen
1433 975 1657 1044 Varro
1703 972 2039 1044 dubitavit
2084 974 2249 1068 quin
2295 976 2518 1048 Plauti
2570 979 2781 1068 foret3

627 1111 846 1180 neque
875 1083 1044 1153 alius
1080 1083 1440 1178 quisquam
1477 1107 1618 1151 non
1655 1083 2045 1177 infrequens
2078 1084 2300 1155 Plauti
2335 1086 2543 1158 lector
2578 1087 2779 1160 dubi-

627 1196 870 1266 taverit
889 1249 908 1280 ‚
943 1195 997 1262 si
1025 1191 1127 1262 vel
1164 1194 1288 1261 hos
1315 1191 1512 1262 solos'
1543 1218 1773 1263 versus
1828 1219 1909 1263 ex
1953 1217 2030 1264 ea
2082 1195 2307 1266 fabula
2343 1203 2777 1294 cognoverit:

627 1307 742 1400 qui
765 1305 1084 1398 quoniam
1113 1315 1292 1388 sunt,
1309 1315 1386 1370 ut
1425 1301 1508 1370 de
1548 1300 1724 1372 illius
1751 1328 1939 1373 more
1974 1303 2229 1393 dicam,
2268 1306 2778 1399 Plautinissimi,

621 1429 975 1509 propterea
997 1427 1064 1481 et
1087 1411 1517 1481 meminimus
1552 1437 1665 1482 eos
1690 1427 1759 1482 et
1781 1413 2276 1509 adscripsimus.
2309 1421 2645 1492 Parasitus
2680 1423 2779 1492 ihi

619 1527 922 1594 esuriens
959 1523 1102 1591 haec
1138 1521 1301 1591 dicit
1341 1547 1360 1589 t

814 1633 893 1737 Ut
926 1676 1091 1735 illum
1125 1675 1187 1734 di
1213 1674 1498 1754 perdant,
1530 1677 1758 1756 primus
1786 1678 1891 1756 qui
1919 1676 2096 1738 horas
2123 1682 2414 1760 repperit,
2443 1697 2556 1744 ete.

711 1815 1083 1886 Favorinus
1120 1809 1388 1906 quoque
1424 1827 1674 1901 noster,
1692 1839 1903 1908 quum
1920 1819 1986 1888 N
1987 1815 2382 1888 ervolariam
2419 1821 2642 1893 Plauti
2675 1822 2777 1894 le-

619 1951 879 2021 gerem,
931 1948 1080 2016 quae
1123 1924 1302 1990 inter
1339 1923 1632 2018 incertas
1676 1938 1777 1992 est
1813 1923 2045 1995 habita
2069 1979 2089 2014 ,
2144 1942 2214 1997 et
2248 1929 2539 2001 audisset
2576 1959 2662 2004 ex
2694 1961 2779 2006 ea

626 2033 952 2105 comoedia
991 2055 1260 2101 versum
1298 2030 1526 2100 hunc:

857 2177 1102 2234 Strateae
1118 2215 1137 2246 ,
1166 2171 1504 2251 scrupedae‚
1529 2175 1901 2250 strictivillae,
1926 2179 2211 2240 sordidae:

619 2307 989 2386 delectatus
1022 2311 1234 2381 faceta
1260 2311 1623 2382 verborum
1656 2316 2062 2410 antiquitate
2083 2372 2103 2405 ,
2140 2325 2569 2397 meretricum
2606 2330 2776 2401 vitia

500 2420 504 2426 ’
618 2438 820 2517 atque
858 2421 1310 2491 deformitates
1346 2421 1873 2516 significantium
1910 2453 1926 2495 :
1974 2427 2103 2498 Vel
2141 2455 2337 2521 unus,
2381 2435 2621 2523 hercle,
2656 2441 2775 2512 hic

612 2558 840 2603 versus
871 2531 1091 2601 Plauti
1130 2556 1270 2600 esse
1299 2532 1477 2601 hanc
1519 2533 1816 2604 fabulam
1850 2537 2010 2608 satis
2044 2554 2266 2633 potest
2302 2544 2461 2615 fidei
2512 2549 2767 2625 fecisse.

614 2646 759 2714 Nos
785 2666 1056 2735 quoque
1094 2641 1221 2735 ipsi
1258 2643 1647 2734 nuperrime
1682 2669 1891 2738 quum
1930 2645 2297 2741 legeremus
2316 2660 2587 2727 Fretum
2610 2659 2771 2739 (no—

611 2776 768 2820 men
804 2764 902 2819 est
937 2750 1005 2818 id
1038 2749 1414 2836 comoediae,
1451 2776 1657 2845 quam
1696 2753 1914 2824 Plauti
1952 2781 2092 2828 esse
2135 2764 2407 2855 quidam
2451 2794 2590 2838 non
2640 2797 2775 2865 pu-

610 2861 804 2955 tant)
842 2860 1026 2930 haud
1068 2859 1928 2956 quidquam'dubitavimus
1970 2869 2136 2963 quin
2175 2870 2396 2945 Plauti
2441 2878 2658 2965 foret,
2697 2899 2769 2952 et

617 2973 921 3041 omnium
960 2972 1250 3040 maxime
1306 2973 1639 3066 genuina,
1686 2999 1768 3042 ex
1810 3001 1945 3070 qua
1988 2978 2157 3049 duos
2202 2966 2325 3053 hos
2379 3011 2604 3058 versus
2655 3017 2771 3062 ex-

613 3082 1038 3176 scripsimus,
1077 3095 1154 3150 ut
1198 3082 1546 3151 historiam
1584 3109 2031 3176 quaereremus
2064 3092 2317 3162 oraculi
2350 3099 2652 3170 arietini:

1833 3235 1887 3290 N
1894 3252 2005 3295 unc
2030 3233 2182 3294 illud
2210 3251 2323 3311 est,

856 3321 1032 3398 Quod
1064 3324 1373 3382 arietinum
1403 3344 1747 3402 responsum
1773 3330 1993 3406 magnis
2020 3317 2201 3391 Ludis
2232 3333 2448 3396 dicitur
2474 3363 2487 3396 :

855 3446 877 3471 «
895 3417 1111 3478 Peribo
1129 3462 1146 3492 ‚
1176 3420 1225 3477 si
1259 3435 1382 3478 non
1415 3419 1615 3479 fecero
1643 3445 1657 3478 z
1688 3423 1736 3480 si
1770 3420 1935 3499 fax0‚
1962 3427 2277 3505 vapulabo.
2297 3457 2320 3483 n

613 3565 886 3633 Marcus
906 3572 1130 3626 autem
1155 3560 1374 3628 Varro
1405 3561 1474 3627 in
1496 3559 1615 3630 lib.
1644 3564 1749 3630 De
1781 3565 2148 3638 Comoediis
2176 3568 2502 3645 Plautinis
2532 3581 2765 3672 primo

621 3673 820 3742 verba
856 3671 998 3738 haec
1030 3669 1224 3764 ponit
1258 3696 1274 3738 ε
1321 3673 1547 3741 «Nam
1588 3697 1713 3742 nec
1752 3677 2064 3760 Gemini,
2114 3705 2242 3750 nec
2278 3687 2575 3776 Leones,
2632 3717 2765 3764 nec

616 3779 1054 3862 Condalium,
1108 3803 1232 3847 nec
1289 3783 1476 3848 Anus
1533 3777 1793 3869 Plauti,
1839 3809 1962 3855 nec
2012 3790 2125 3858 Bis
2163 3816 2573 3887 compressa,
2632 3825 2764 3872 nec

612 3893 866 3962 Boeotia
902 3912 1200 3981 unquam
1240 3887 1404 3974 fuit,
1449 3914 1663 3984 neque
1706 3893 1873 3965 adeo
1911 3885 2241 3994 Ᾰγροικος,
2281 3929 2503 4000 neque
2544 3912 2761 3978 Com-

615 4001 1017 4084 morientes3
1059 3996 1174 4065 sed
1215 4000 1314 4066 Μ.
1351 3997 1683 4091 Aquilii».
1724 4006 1805 4072 In
1840 4005 2069 4076 eodem
2120 4009 2293 4082 libro
2324 4016 2649 4088 Varronis
2684 4023 2761 4091 id

607 4135 878 4208 quoque
918 4108 1239 4202 scriptum
1285 4123 1414 4194 est,
1455 4108 1795 4182 Plautium
1825 4116 2024 4188 fuisse
2062 4125 2445 4219 quempiam
2486 4145 2757 4222 poetam
