3067 5017
897 435 1236 506 Ac‘rus
1282 436 1400 522 11,
1448 436 1778 506 §CENA
1834 436 1974 504 1v.

2370 433 2513 530 393

359 556 488 626 Hic
521 554 816 651 postulet
856 556 1034 652 frugi
1073 583 1246 648 esse,
1281 583 1495 654 nugas
1534 556 1849 653 postulet.
2091 561 2098 573 ”
2455 576 2509 620 4ο

363 690 482 736 ΡΗ.
527 672 722 738 Meus
757 682 1000 762 gnatus
1034 695 1140 738 me
1177 670 1263 739 ad
1299 685 1364 740 te
1401 669 1615 754 misit,
1649 671 1827 736 inter
1856 691 1929 736 se
1954 682 2155 761 atque
2195 692 2313 737 vos

363 777 798 847 Adfinitatem
834 793 913 847 ut
949 780 1379 850 conciliarem
1419 795 1485 848 et
1521 778 1832 874 gratiam.

365 892 581 957 Tuam
622 887 763 957 volt
805 913 1106 959 sororem
1149 891 1394 959 ducere
1425 897 1701 958 uxorem
1730 939 1750 971 ‚
1780 900 1847 954 et
1890 885 2069 954 mihi·

364 1000 708 1068 Sententia
755 999 986 1069 eadem
1005 1001 1086 1069 ’st
1107 1055 1127 1088 ‚
1163 1016 1232 1092 et
1263 998 1437 1069 vola
1477 1023 1661 1069 LEsB.
1691 996 1889 1066 Haud
1920 1009 2184 1090 'gnoseo
2219 1011 2439 1099 tuum.

359 1110 566 1178 Bonis
601 1111 732 1179 tuis
766 1112 964 1180 rebus
1009 1109 1187 1182 mea's
1229 1137 1330 1181 res
1375 1093 1630 1181 inrides
1669 1108 1899 1178 malas.
2461 1133 2513 1180 ⁴⁵

358 1241 479 1288 ΡΗ.
511 1223 734 1289 Homo
765 1246 890 1315 ego
925 1247 1109 1308 sum,
1148 1223 1352 1291 horno
1391 1237 1466 1290 tu
1499 1245 1571 1290 es
1603 1247 1617 1289 :
1666 1222 1757 1288 ita
1798 1242 1905 1286 me
1938 1217 2191 1286 amabit
2222 1219 2515 1315 Jupiter!

357 1332 596 1424 Neque
639 1346 704 1399 te
737 1331 1031 1400 derisum
1069 1333 1265 1418 veni,
1304 1357 1522 1426 neque
1560 1331 1843 1424 dignum
1885 1339 2072 1422 pu'to.
2460 1345 2469 1352 ’

355 1443 613 1510 Verum
652 1440 824 1529 hoc,
862 1457 939 1510 ut
970 1441 1138 1527 dixi,
1177 1469 1366 1512 meus
1411 1469 1518 1511 me
1553 1441 1770 1510 oravit
1810 1438 2026 1526 filius,

357 1554 457 1620 Ut
501 1565 686 1619 tuam
721 1576 1019 1622 sororem
1059 1578 1400 1647 poscerem
1446 1577 1727 1621 uxorem
1764 1551 1917 1619 sibi.
1998 1583 2003 1590 ·

353 1683 537 1731 LESB.
583 1663 891 1730 Mearum
931 1687 1152 1732 rerum
1191 1689 1300 1732 me
1337 1664 1647 1757 gnovisse
1684 1659 2036 1756 aequom’st
2086 1659 2414 1730 ordinem.
2462 1682 2511 1724 ⁵0

354 1774 530 1840 Cum
566 1773 804 1840 vostris
845 1787 1076 1842 nostra
1121 1799 1262 1842 non
1300 1788 1401 1843 est
1441 1797 1632 1868 oequa
1670 1773 1915 1859 facti03

355 1881 790 1990 Adfinitatem
837 1883 1028 1952 vobis
1071 1883 1274 1954 aliam
1310 1885 1609 1978 quaerite.

361 2015 552 2062 srAs.
590 1989 800 2060 Satin’
825 2007 908 2063 tu
949 2019 1145 2062 sanus
1189 1995 1434 2062 mentis
1473 2007 1589 2062 aut
1629 1993 1835 2062 animi
1883 1993 2018 2076 tui,

355 2102 495 2190 Qui
537 2101 994 2170 conditionem
1044 2102 1220 2171 hanc:
1253 2102 1617 2198 repudies?
1654 2127 1810 2172 nam
1848 2101 2040 2172 illum
2073 2104 2195 2172 tibi

354 2211 818 2280 Ferentarium
851 2236 991 2280 esse
1023 2215 1316 2282 amicum
1344 2214 1691 2282 inventum
1728 2210 2071 2308 intellego.
2469 2239 2522 2280 ⁵⁵

357 2343 541 2389 LESB.
571 2317 768 2388 Abin’
793 2320 976 2407 hinc,
1008 2321 1300 2408 diereete
1321 2322 1350 2392 ἱ)
1375 2347 1557 2392 εΤΑε.
1593 2324 1663 2392 Si
1681 2372 1699 2408 ,
1739 2321 2001 2407 hercle,
2027 2324 2129 2392 ire
2154 2322 2520 2418 obcipiam5

654 2443 858 2498 vetes.

440 2589 529 2646 4⁰·
552 2583 805 2649 Postulat,
834 2582 1032 2654 cupiat.

438 2669 534 2727 41.
563 2663 669 2714 Vos
687 2703 702 2725 ,
731 2675 960 2716 vestram
987 2662 1230 2716 domum.

441 2749 534 2806 44.
563 2742 722 2796 Haud
734 2762 916 2813 gnosco
946 2755 1094 2796 tuum.
1127 2745 1172 2796 Ι.
1195 2763 1248 2814 q.
1271 2761 1388 2813 sup.

1480 2601 1782 2655 possumus.
1808 2581 2301 2636 Turum—Confi
2333 2583 2517 2636 Aulul.

1477 2663 1599 2726 111,
1633 2681 1683 2727 1,
1712 2661 1812 2721 45.

1567 2744 1595 2796 5
1608 2742 1660 2795 5.
1678 2743 1733 2794 F
1728 2755 1934 2796 crentur.
1948 2761 2048 2793 esse
2065 2744 2286 2794 amicum.
2305 2742 2527 2794 Plautus

357 2823 441 2880 ΙΙ,
481 2841 542 2888 2,
589 2823 700 2888 83,
743 2849 766 2872 α
791 2821 870 2876 id.
896 2841 1042 2875 nunc
1080 2823 1209 2875 facis
1244 2821 1390 2876 haud
1477 2825 1658 2895 jocose
1708 2827 1912 2874 amicum
1953 2822 2277 2888 ferentarium
2331 2833 2522 2887 vocat,

357 2901 747 2956 consuetudine
775 2929 797 2950 ι
820 2942 836 2968 ,
858 2916 910 2956 et
935 2903 1061 2956 Aul.
1082 2905 1169 2967 ΙΙ,
1206 2923 1234 2955 2
1253 2942 1268 2968 ,
1302 2903 1392 2966 43,

365 3009 388 3030 ι
408 2981 554 3035 haud
587 2982 845 3036 decorum
874 2984 1081 3036 facinus
1109 2984 1217 3035 tuis
1242 2983 1394 3035 factis

358 3063 488 3115 facis
511 3088 560 3116 a.
601 3064 726 3116 Pari
769 3064 1033 3116 sententia
1073 3062 1212 3115 dixit
1241 3061 1392 3115 Asin.

362 3142 420 3207 Ι,
457 3141 520 3207 3,
551 3141 620 3194 38
637 3182 654 3208 ,
687 3169 711 3191 ι
733 3162 844 3196 non
865 3162 1046 3196 meum
1064 3141 1126 3196 ’st
1149 3169 1197 3195 a».
1230 3143 1394 3212 Vulg.

370 3247 392 3269 ι
411 3222 521 3274 hau
542 3221 554 3273 !
583 3240 778 3292 gnosco
806 3235 960 3274 tuum
986 3249 1008 3270 ι
1033 3261 1048 3286 ,
1077 3223 1297 3276 insulse.
1323 3223 1396 3275 N.

446 3300 540 3363 45.
566 3303 721 3353 Bonis
749 3302 886 3354 rebus
913 3305 1040 3366 tuit,
1077 3303 1117 3355 i.
1151 3321 1205 3372 q.
1252 3303 1398 3356 salva

363 3397 425 3433 re
447 3391 553 3433 tua.
577 3410 660 3424 —-
678 3381 818 3433 Meas
835 3401 911 3435 res
929 3383 1077 3436 inrid.
1100 3383 1186 3437 Cf.
1209 3382 1395 3437 Aulul-

364 3459 468 3512 loc.
491 3459 584 3514 eit.

435 3541 543 3601 -46,
574 3539 736 3590 Homo
768 3560 877 3610 ego.
905 3541 1067 3594 Plane
1093 3543 1270 3596 simile
1294 3544 1396 3596 Te-

369 3618 646 3682 rentiano,
700 3645 724 3666 ι
745 3620 926 3672 Homo
961 3640 1076 3673 sum
1101 3660 1117 3685 ,
1157 3636 1212 3675 et
1239 3641 1270 3675 a
1307 3641 1398 3675 me

369 3697 663 3750 humanum
709 3699 848 3751 nihil
893 3700 1128 3752 alienum
1176 3715 1308 3772 puto
1337 3728 1360 3749 a·
1381 3741 1398 3766 ‚

369 3776 566 3830 Ileaut.
592 3779 638 3841 Ι,
668 3795 718 3830 1.
739 3810 819 3822 -—-
847 3781 928 3832 Ita
955 3800 1028 3831 me
1049 3801 1146 3833 am.
1169 3782 1399 3852 Jupiter!

372 3857 583 3928 Captiv.
606 3858 708 3922 IV,
730 3878 759 3912 2
779 3896 794 3922 ,
829 3878 920 3928 97.
946 3861 1013 3913 N.

455 3937 484 3990 5
500 3956 546 3990 1.
578 3937 699 3990 Cum
719 3942 900 3990 vostris
915 3978 931 4003 ,
972 3952 1075 3993 etc.
1096 3940 1278 3992 Vestri
1307 3959 1396 3992 or·

370 4013 514 4069 dinis
533 4017 873 4083 hominibus,
898 4021 994 4092 qui
1019 4021 1142 4072 estis
1165 4020 1396 4086 factiosi,

369 4093 428 4148 id
474 4110 549 4150 est
573 4135 589 4162 ,
635 4098 825 4152 divites
865 4117 932 4152 ao
973 4112 1245 4170 potentes,
1295 4119 1396 4153 nos

369 4174 558 4246 inopes
599 4189 891 4250 tenuesque
929 4199 1082 4251 pares
1122 4198 1234 4234 esse
1282 4199 1392 4234 non

1481 2903 1577 2974 qui
1608 2915 1828 2972 repente
1856 2920 2015 2972 opem
2047 2903 2151 2954 fert
2176 2914 2229 2954 et
2263 2901 2519 2953 auxilium

1481 2983 1663 3052 egenti
1683 2983 1876 3036 amico.
1900 2983 1951 3034 J.
1979 2982 2125 3035 Gm..
2151 3013 2233 3024 —-
2256 2982 2319 3032 In
2348 2981 2523 3032 feren-

1482 3062 1619 3115 tario
1648 3063 1821 3115 arnico
1838 3100 1853 3126 ,
1879 3080 2033 3126 eum,
2062 3062 2159 3132 qui
2184 3059 2423 3114 subsidio
2447 3060 2529 3112 fu-

1482 3154 1639 3196 turus
1666 3143 1735 3196 sit
1752 3182 1767 3206 ‚
1794 3142 2095 3212 significare
2123 3140 2339 3194 videtur
2363 3141 2523 3192 Plau-

1485 3235 1597 3286 tus,
1630 3235 1686 3274 et
1711 3222 1805 3294 qui
1833 3223 1901 3274 sit
1928 3221 2183 3274 auxilium
2210 3221 2439 3283 laturus,
2462 3231 2523 3274 ut

1485 3301 1623 3354 mihi
1656 3303 1851 3354 mirum
1885 3300 2148 3365 videatur,
2183 3299 2328 3370 quod
2351 3302 2526 3352 Varro

1486 3382 1871 3452 interpretetur
1896 3384 2105 3433 inanem.
2128 3381 2353 3433 Duxisse
2373 3377 2526 3432 vide·

1486 3475 1577 3514 tur
1612 3461 2101 3532 interpretationem
2148 3478 2177 3512 a
2214 3458 2319 3513 levi
2352 3477 2527 3511 arma-

1485 3553 1607 3594 tura
1645 3542 1865 3593 illorum
1906 3542 2178 3612 equitum,
2218 3557 2354 3609 quos
2396 3539 2527 3590 dicit

1487 3639 1599 3674 esse
1630 3620 1959 3674 -ferentarios
2022 3631 2239 3672 vocatos
2280 3639 2293 3668 :
2358 3637 2529 3688 quum

1486 3701 1707 3753 Plautus
1729 3700 1797 3754 ad
1819 3700 2136 3754 vocabulum
2174 3698 2359 3769 potius
2390 3697 2525 3750 allu-

1487 3781 1647 3845 serit;
1690 3792 1753 3832 ut
1818 3792 1869 3832 et
1938 3779 2045 3832 alio
2100 3779 2219 3831 loco
2280 3779 2467 3836 scribit
2508 3797 2521 3830 ε

1495 3886 1518 3906 ι
1547 3860 1704 3912 Nulla
1730 3872 1807 3912 est
1834 3859 1967 3912 mihi
1997 3860 2135 3912 salus
2172 3857 2373 3914 datarin
2396 3883 2419 3904 ι
2450 3895 2467 3918 ,
2495 3877 2528 3912 a

1486 3937 1690 3993 dando.
1711 3940 1899 3992 Tume.

1529 4037 1536 4043 ·
1574 4021 1667 4071 56.
1700 4020 1944 4072 Dior-ecte.
1984 4016 2180 4070 Bacch.
2214 4018 2319 4082 IV,
2353 4035 2404 4081 ι,
2435 4035 2526 4086 17.

1485 4129 1569 4141 —
1604 4099 1665 4150 Si
1698 4101 1767 4150 ire
1807 4099 2058 4169 obcipiam.
2094 4097 2180 4151 Cf.
2211 4098 2417 4168 Amph.
2440 4098 2497 4148 11

1491 4199 1561 4244 2,
1594 4197 1721 4250 ²²7·
