3067 5017
861 422 1194 493 AcTth
1245 425 1409 512 111,
1464 425 1789 499 scENA
1840 428 1929 496 v.
2378 427 2464 525 57

324 568 548 615 Aeon.
589 542 885 613 Tacendi
927 559 1191 640 tempus
1227 536 1375 615 est:
1413 570 1569 614 nam
1610 563 2020 641 crepuerunt
2062 548 2285 621 foreis.

324 658 528 723 Foras
567 654 873 748 egredier
907 654 1096 723 video
1131 654 1440 728 lenonem
1473 654 1753 749 Lycum.
1880 650 1887 659 ¹
2026 653 2032 663 ’

326 762 612 851 Adeste,
653 788 899 857 quaeso.
939 788 1103 835 Anv.
1142 764 1432 859 Quipini
1449 766 1478 834 ?
1512 766 1681 860 quin
1718 768 1772 835 si
1809 766 2028 857 voleS,

328 873 616 965 Operire
657 874 916 966 capita,
959 898 1045 942 ne
1087 900 1212 943 nos
1249 873 1404 943 leno
1451 876 1799 969 gnoverit,

328 982 464 1070 Qui
501 981 597 1051 illi
638 981 830 1052 malae
878 984 972 1051 rei
1021 997 1224 1053 tantae
1273 984 1525 1055 fuimus
1571 984 1819 1055 inlices.
2430 1009 2482 1049 ³⁵

846 1236 1294 1325 ‘SCENA
1369 1236 1913 1351 QUINTA.

547 1467 884 1587 LYCUS,⁸
933 1392 1660 1539 AGORASTOCLES
1686 1522 1706 1555 ‚
1757 1472 2252 1563 ADVQCATI.

324 1688 475 1735 LYC.
524 1664 953 1758 Suspendant
993 1666 1254 1735 omneis
1287 1692 1470 1737 nunc
1499 1669 1642 1761 jam
1680 1694 1749 1737 se
1786 1670 2196 1766 haruspices,

322 1775 510 1866 Quid
544 1800 672 1870 ego
709 1773 840 1843 illis
876 1775 1154 1870 posthac
1189 1776 1370 1869 quod
1414 1775 1779 1870 loquantur
1818 1780 2137 1850 creduam
2166 1837 2185 1869 ‚

323 1886 463 1974 Qui
504 1888 577 1953 in
619 1910 689 1953 re
727 1884 958 1953 divina
1001 1884 1259 1953 dudum
1301 1886 1657 1973 dicebant,
1692 1889 1859 1957 mihi

319 1994 580 2065 Malum
620 1995 1076 2088 damnumque
1111 2022 1502 2065 maxumum
1546 1998 1981 2091 portendier?

319 2102 386 2175 Is
422 2104 753 2200 explicavi
798 2130 1018 2173 meam
1059 2130 1200 2173 rem
1244 2105 1512 2201 postilla
1550 2105 1761 2177 lucro.
2458 2135 2482 2175 ⁵

319 2239 539 2285 Aeon.
583 2214 816 2285 Salvos
856 2216 978 2301 εἰς,
1027 2213 1200 2283 leno,
1245 2239 1400 2285 msc.
1457 2218 1549 2285 Di
1590 2232 1657 2285 te
1692 2232 1955 2305 ament,
1994 2218 2479 2315 Agorastocles.

321 2350 538 2396 Acon.
571 2326 792 2420 Magis
819 2349 927 2391 me
964 2324 1252 2418 benigne
1287 2349 1472 2393 nunc
1511 2324 1801 2412 salutm,
1839 2351 2043 2420 quarn
2080 2326 2419 2400 antidhac.

319 2460 479 2507 LYc.
522 2434 1001 2530 Tranquillitas
1038 2436 1296 2519 evenit,
1337 2436 1526 2529 quasi
1566 2437 1723 2503 navi
1770 2437 1841 2503 in
1877 2437 2094 2522 mari:

321 2549 688 2639 Utcunque
723 2559 826 2613 est
862 2560 1134 2631 ventuS,
1175 2546 1328 2613 exin
1370 2543 1595 2613 velum
1635 2546 1946 2613 vortitur.

322 2681 541 2727 Aaou.
575 2654 866 2725 Valeant
892 2655 1084 2749 ,apud
1117 2670 1184 2723 te
1217 2658 1382 2748 quas
1417 2654 1569 2723 volo
1592 2708 1611 2741 ,
1648 2669 1851 2748 atque
1892 2654 2072 2721 haud
2113 2670 2178 2725 te
2224 2656 2397 2727 volo.
2430 2688 2481 2715 w

323 2791 478 2837 mc.
501 2764 766 2837 'Valent
799 2780 876 2835 ut
911 2764 1328 2859 postulatum
1347 2764 1427 2833 ’st
1451 2818 1468 2851 ‚
1509 2790 1745 2833 verum
1782 2788 1919 2833 non
1966 2765 2111 2834 tibi.
2416 2756 2425 2765 ⁴

403 2950 500 3005 35.
527 2952 723 3003 Indices.
751 2951 881 3003 Illex
923 2949 1040 3003 κατ’
1085 2951 1256 3017 ἐξοχὴν
1296 2950 1356 3003 in
1443 2950 1663 3003 mabam
1686 2988 1701 3015 ,
1760 2950 2079 3020 explicatam
2096 2989 2113 3016 ,
2172 2950 2477 3023 expeditam

323 3030 554 3102 aucupio
588 3028 788 3083 dicitur
811 3030 952 3095 avis,
985 3048 1090 3101 qua
1121 3029 1191 3083 ad
1227 3030 1356 3083 alias
1443 3030 1543 3083 feci
1563 3068 1580 3094 ,
1619 3048 1869 3083 successu
1928 3048 2275 3102 prosperam,
2326 3031 2481 3082 lucro

321 3109 624 3163 illiciendas
640 3126 836 3180 auceps
851 3111 1040 3174 utitur,
1061 3128 1180 3180 quoe
1201 3109 1352 3162 Grae-
1442 3122 1773 3179 comparato.
1815 3108 2069 3163 Pseudol.
2113 3111 2217 3173 IV,
2256 3128 2307 3173 1,
2356 3114 2425 3163 18
2464 3128 2479 3162 ε

321 3189 394 3242 cis
417 3202 498 3242 est
522 3192 814 3260 παλεὺτρια.
835 3189 976 3241 Plin.
1000 3188 1097 3241 lib.
1119 3191 1170 3241 X
1187 3228 1203 3253 ‚
1241 3189 1344 3241 33:
1442 3216 1464 3236 ι
1485 3189 1711 3259 polchre
1738 3206 1836 3259 ego
1862 3189 2003 3243 hanc
2029 3190 2347 3260 explicatam
2372 3188 2475 3241 tibi

323 3292 344 3313 ι
365 3269 568 3323 Contra
611 3268 834 3339 aucupis
875 3268 1074 3321 illicem
1120 3280 1350 3321 exeunte
1436 3287 1551 3321 rem
1579 3268 1719 3321 dabo
1745 3294 1793 3321 ι.
1820 3270 1888 3321 Ν.

317 3348 375 3401 in
407 3349 656 3419 praelium
697 3347 834 3401 duce
871 3348 1040 3401 totius
1090 3348 1266 3419 gre'gis
1297 3373 1345 3402 ι.
1524 3370 1577 3415 9.
1608 3349 1878 3419 Utcumque
1910 3360 1985 3401 est
2022 3358 2213 3399 ventus.
2254 3348 2308 3399 A
2350 3367 2485 3418 qua·

233 3456 238 3463 -
316 3420 776 3482 eansf—conf.
799 3426 956 3481 Asin.
974 3429 1022 3493 Ι,
1052 3430 1106 3492 3,
1131 3429 1228 3481 68.
1439 3445 1672 3498 cumque
1706 3442 1859 3499 parte
1878 3440 2071 3481 ventus
2103 3426 2230 3491 flat,n
2260 3425 2331 3479 nd
2360 3446 2479 3481 eam

401 3527 454 3561 1.
489 3508 734 3577 Suspend.
766 3528 834 3561 se.
867 3507 1001 3561 Aliis
1033 3506 1210 3561 verbis
1237 3508 1348 3579 i.q.
1439 3507 1621 3560 velum
1645 3508 1895 3560 vertitur.
1924 3508 2007 3559 Ita
2038 3507 2213 3577 qualis
2242 3520 2325 3559 est
2350 3508 2393 3559 F
2396 3525 2483 3561 or·-

318 3599 440 3641 eant
458 3588 520 3640 in
544 3587 736 3639 malam
769 3606 1003 3641 crucem.
1435 3598 1563 3639 tuna
1587 3626 1604 3653 ,
1642 3588 1761 3639 talis
1787 3600 1867 3641 est
1902 3586 2187 3639 hominum
2232 3587 2481 3652 animus,

401 3668 455 3720 5.
482 3670 570 3732 Is,
605 3666 750 3719 idem
776 3686 874 3738 ego
901 3668 990 3720 cui
1020 3666 1160 3719 male
1191 3684 1346 3719 cane·
1436 3667 1649 3732 vultus,
1686 3666 1883 3719 oratio.
1922 3666 2083 3719 Conf.
2118 3665 2279 3737 Epid.
2314 3667 2375 3733 1,
2423 3685 2475 3719 1.

317 3747 843 3816 bant.--Explicaoi,
859 3744 918 3799 id
939 3759 1038 3813 est,
1059 3746 1274 3799 extendi
1297 3759 1349 3798 et
1439 3745 1698 3799 Gnoiaeov.

318 3826 468 3897 quasi
493 3826 712 3880 dilatavi
743 3838 902 3897 atque
922 3826 1070 3879 auxi.
1101 3826 1188 3878 Sic
1217 3826 1354 3878 Pro·
1463 3848 1468 3853 ·
1531 3846 1616 3879 10.
1646 3828 1816 3896 Aeque
1842 3824 1979 3875 haud
2002 3837 2049 3876 te
2068 3825 2206 3877 volo.
2234 3826 2477 3879 Salutem

315 3906 424 3977 log.
453 3907 660 3978 Amph.
685 3904 850 3971 dixit,
873 3906 1094 3977 expedire
1123 3910 1350 3958 rationes.
1441 3905 1661 3976 puellis,
1684 3923 1795 3957 non
1824 3904 1929 3955 tihi
1950 3917 2096 3975 opto·

317 3986 530 4040 Douzs.
554 3986 936 4058 ——Explicare
963 3986 1138 4039 simile
1155 3998 1248 4053 ‘est
1273 3997 1352 4037 at·
1533 4005 1556 4037 1
1576 4003 1623 4037 1.
1647 3986 1765 4037 Non
1799 3984 1903 4037 tibi.
1938 3984 2295 4057 Chlamydato
2326 3984 2475 4043 enim
2504 4008 2508 4012 ’

327 4082 436 4134 que
458 4064 734 4137 expedire,
753 4064 845 4117 sed
867 4064 1054 4119 differt
1073 4066 1140 4118 ab
1157 4082 1354 4135 auger-e.
1445 4064 1650 4135 hospiti
1676 4064 1771 4115 has
1806 4064 2009 4132 puellas
2046 4066 2155 4135 jam
2187 4064 2365 4135 pretio
2390 4063 2482 4115 de-

329 4143 404 4199 Ex
435 4146 742 4216 implicata,
779 4145 1074 4216 impedita,
1109 4159 1168 4197 ut
1196 4156 1361 4198 autu·
1445 4144 1690 4199 stinarat.
1715 4142 1899 4197 Ltus.
