3067 5017
1001 455 1999 562 Acrnsl‚scENA1L

2439 459 2567 556 371

424 574 782 668 Subspicio
813 589 911 644 est
943 575 1013 642 in
1045 589 1316 670 pectore
1350 573 1571 645 alieno
1615 578 1759 645 sita.
2524 595 2575 640 4⁵

421 686 596 755 Nam
635 709 817 754 nunc
853 708 978 780 ego
1016 687 1072 754 si
1105 699 1174 754 te
1214 686 1627 782 subripuisse
1668 688 2016 783 subspicer

419 798 568 865 Jovi
605 821 922 866 coronam
957 797 1042 865 de
1077 798 1325 892 capite,
1359 823 1398 868 e
1435 798 1814 893 Capitolio,

421 908 627 996 Quod
666 909 736 976 in
773 907 1063 979 eulmine
1099 907 1320 979 adstat
1355 934 1663 996 summn,
1706 911 1762 979 si
1798 909 1869 979 id
1902 937 2035 982 non
2077 911 2351 996 feceris,
2458 989 2467 1012 ‚

417 1019 642 1110 Atque
684 1018 752 1085 id
798 1031 1022 1086 tamen
1061 1018 1231 1086 mihi
1278 1007 1508 1088 lubea't
1546 1020 2034 1114 subspicarier‚

419 1127 560 1215 Qui
601 1142 673 1196 tu
712 1126 782 1196 id
821 1127 1180 1222 prohibere
1219 1153 1326 1198 me
1363 1143 1595 1223 potes,
1632 1153 1720 1198 ne
1754 1130 2146 1224 subspicer?
2525 1155 2579 1192 ⁵⁰

417 1238 548 1306 Sed
587 1239 760 1307 istuc
798 1239 1025 1332 negoti
1064 1238 1234 1308 scire
1279 1239 1518 1332 cupi0‚
1556 1237 1892 1333 quidquid
1937 1254 2058 1310 est.

415 1374 589 1420 Mne.
626 1348 881 1421 Haben'
911 1363 986 1418 tu
1022 1348 1312 1418 amicum
1353 1363 1471 1418 aut
1502 1347 1903 1418 familiarem
1941 1349 2331 1445 quempiam

418 1461 601 1551 Quoi
645 1475 877 1555 pectus
914 1458 1174 1554 sapiat?
1204 1483 1404 1532 CALL.
1450 1458 1753 1555 Edepol,
1795 1459 1977 1530 haud
2015 1460 2237 1529 dicam
2274 1457 2474 1528 dolo:

414 1574 625 1658 Sunt,
665 1597 830 1665 quos
865 1572 1002 1642 scio
1039 1595 1177 1640 esse
1212 1571 1496 1658 amicos;
1535 1584 1735 1658 sunt,
1774 1595 1943 1664 quos
1982 1570 2381 1664 subspieor;

412 1684 587 1751 Sunt
607 1735 626 1769 ,
653 1705 942 1777 quorum
973 1681 1243 1775 ingenia
1264 1695 1466 1775 atque
1483 1681 1743 1750 animos
1762 1706 1900 1750 non
1929 1704 2203 1774 possum
2232 1704 2585 1775 gnoscere,

410 1792 518 1862 Ad
554 1793 754 1862 amici
792 1807 1052 1887 partem
1075 1845 1094 1879 ‚
1133 1815 1221 1862 an
1255 1791 1340 1861 ad
1369 1791 1626 1860 inimici
1665 1791 2081 1884 perveniant.
2525 1809 2576 1848 ⁵⁵

409 1901 542 1970 Sed
581 1915 654 1970 tu
693 1928 776 1972 ex
815 1903 1046 1972 amicis
1088 1902 1287 1972 certis
1329 1902 1422 1970 mi
1463 1926 1535 1970 es
1580 1901 2037 1970 certissumus.

410 2012 480 2079 Si
518 2011 683 2105 quid
723 2013 850 2081 scis
885 2038 994 2081 me
1032 2011 1264 2082 fecisse
1301 2012 1538 2080 infscite
1573 2025 1693 2080 aut
1729 2011 2050 2104 inprobe,

410 2122 480 2190 Si
526 2122 592 2189 id
637 2148 744 2190 me
782 2149 921 2192 non
957 2121 1238 2194 adcusas
1270 2175 1290 2210 ‚
1329 2137 1472 2194 tute
1514 2123 1655 2215 ipse
1707 2119 2174 2214 objurgandus
2238 2144 2329 2188 es,
2396 2143 2579 2190 MEG.

705 2236 862 2302 Scio
877 2260 899 2319 ς

409 2342 530 2424 Et,
565 2341 620 2408 si
658 2339 789 2408 alia
825 2342 960 2411 huc
990 2366 1190 2412 causa
1229 2341 1315 2410 ad
1358 2356 1424 2409 te
1456 2340 1734 2426 adveni,
1776 2365 2039 2435 aequom
2070 2337 2391 2434 postulas,
2520 2364 2577 2404 oo

411 2474 613 2520 GALL.
649 2454 976 2544 Exspecto
1015 2453 1068 2520 si
1090 2452 1255 2546 quid
1278 2452 1480 2521 dicas,
1519 2475 1697 2521 MEG.
1730 2451 2197 2520 Primumdum
2234 2453 2575 2538 omnium,

409 2558 592 2628 Male
636 2560 984 2630 dictitatur
1022 2562 1143 2630 tibi
1181 2561 1386 2670 volgo
1427 2563 1496 2630 in
1535 2561 1959 2630 sermonibus
1990 2585 2007 2629 ε

409 2669 1125 2767 Turpilucricupidum
1164 2686 1230 2760 te
1266 2686 1513 2741 vocant
1550 2672 1757 2740 civeis
1795 2671 1915 2739 tui.

408 2785 580 2851 Tum
615 2797 838 2851 autem
877 2797 1034 2851 sunt
1061 2780 1207 2868 alii,
1251 2782 1367 2877 qui
1412 2796 1478 2850 te
1514 2781 1887 2850 volturium
1926 2794 2207 2865 vocant3

406 2892 756 2960 Hosteisne
797 2918 888 2960 an
929 2892 1131 2962 civeis
1165 2891 1501 2980 comedis»,
1546 2889 2054 2986 parvipendere.
2508 2907 2565 2946 ⁶⁵

403 3005 564 3072 Haec
603 3028 809 3097 quom
856 3003 1058 3072 audio
1095 3005 1168 3072 in
1210 3017 1278 3074 te
1320 3002 1559 3092 dicier,
1597 3002 1947 3072 excrucior
1987 3001 2207 3069 miser.

489 3169 584 3232 47.
611 3164 726 3217 Ιονί
745 3184 991 3235 coronam.
1009 3164 1152 3219 ‘Vide
1174 3165 1438 3220 Menaech.

407 3242 479 3306 v,
511 3243 575 3307 5,
608 3243 700 3298 38.
733 3247 878 3298 En.
975 3237 1010 3247 ‘⁴
1281 3237 1288 3246 “

488 3325 582 3385 48.
611 3322 696 3380 Si,
735 3324 960 3378 etiamsi.

491 3401 584 3455 53.
617 3402 778 3455 Haud
814 3405 974 3457 dicam
1016 3405 1162 3472 dolo,
1214 3417 1277 3458 ut
1318 3423 1444 3458 vere

405 3477 602 3534 dicam.

497 3562 592 3628 59.
615 3577 760 3615 nm«.
785 3559 930 3625 Scio,·
966 3565 1066 3624 Ee,
1085 3565 1130 3615 si
1145 3563 1263 3616 alia.
1288 3561 1412 3616 Scio
1429 3601 1446 3629 ,

401 3639 583 3709 inquit
599 3641 1241 3711 Megaronides,officium
1263 3661 1444 3696 meum

404 3737 516 3771 esse
543 3732 605 3773 ut
634 3733 686 3773 te
714 3723 996 3794 objurgem
1014 3763 1031 3790 ,
1077 3724 1123 3776 si
1151 3720 1283 3794 quid
1317 3741 1440 3794 pec-

403 3800 532 3852 casti
560 3821 573 3852 :
615 3819 716 3853 nec
745 3821 933 3854 recuso
974 3822 1003 3855 a
1041 3815 1095 3856 te
1127 3801 1398 3872 objurgari
1427 3822 1440 3853 ε

406 3877 502 3932 sed
525 3898 739 3952 aequum
765 3883 1027 3953 postulas,
1057 3881 1101 3935 si
1129 3899 1228 3952 ego
1249 3880 1353 3933 alia
1375 3879 1444 3933 de

403 3977 558 4012 causa
576 3999 593 4023 ,
639 3979 799 4031 quam
851 3975 914 4014 ut
961 3975 1052 4016 tua
1095 3962 1194 4015 tibi
1252 3959 1448 4014 delicta

404 4037 666 4106 indicem,
690 4043 944 4111 processi.
962 4043 1181 4096 szron.
1435 4111 1438 4114 ἢ

437 4133 444 4139 “
484 4123 516 4173 6
532 4139 553 4174 1
569 4160 582 4174 .
599 4121 946 4175 Pm’mumdum.
969 4122 1170 4193 Amph.
1193 4123 1266 4187 V,
1304 4141 1331 4173 2
1348 4159 1362 4186 ‚
1397 4118 1448 4173 5.

487 4203 579 4262 64.
616 4201 674 4252 V
668 4203 914 4256 olturlum.
963 4202 1166 4268 Vultur,
1221 4219 1316 4255 seu
1347 4202 1456 4252 vicl-

1532 3165 1687 3216 tum'us
1705 3203 1721 3227 ,
1748 3161 1866 3214 avis
1888 3173 1967 3214 est
1992 3177 2176 3233 rapax.
2196 3158 2387 3212 Senem
2404 3161 2572 3232 igitur

1530 3237 1603 3296 ob
1645 3240 1950 3304 avaritiam,
1989 3250 2149 3311 atque
2188 3239 2567 3320 inexplebilem

1530 3337 1776 3378 naturam
1808 3341 1869 3374 ac
1908 3318 2118 3384 sordes,
2166 3338 2457 3373 commuue
2486 3339 2569 3373 se-

1531 3404 1765 3458 nectutis
1806 3399 2037 3465 malum,
2070 3399 2365 3452 vulturium
2394 3413 2571 3454 vocat.

1533 3484 1728 3536 Cicero
1756 3479 1933 3534 Pison.
1983 3505 2006 3528 ι
2032 3480 2347 3550 Appellatus
2374 3489 2454 3532 est
2478 3480 2570 3532 hic

1533 3562 1823 3617 vulturius
1852 3559 1994 3612 illius
2020 3559 2310 3630 provinciae
2346 3555 2430 3620 (si
2466 3558 2570 3611 diis

1534 3639 1730 3715 placet)
1768 3640 2062 3711 imperator
2087 3665 2134 3691 ι.
2185 3636 2327 3690 Ibid.
2366 3639 2571 3692 «Scau-

1532 3742 1627 3776 rus
1652 3721 1917 3774 vulturius
1940 3719 2075 3789 reip.
2101 3743 2124 3766 ι
2156 3719 2390 3770 Tuum.
2432 3727 2441 3735 ’

1618 3803 1712 3856 65.
1756 3801 1955 3852 Hoseeis
1998 3816 2065 3849 an
2104 3801 2261 3850 cioet's.
2307 3796 2499 3851 Hostes
2540 3815 2571 3852 e

1533 3883 1811 3946 Varrone,
1834 3883 2116 3950 peregrlnos
2139 3877 2490 3950 interpretor:
2517 3892 2577 3932 ut

1538 3959 1679 4014 Rud.
1706 3961 1761 4012 11
1778 3998 1793 4024 ,
1817 3965 1873 4024 4,
1899 3970 1953 4010 et
1983 3957 2205 4011 Curcul.
2236 3959 2283 4021 1,
2308 3976 2357 4010 1.
2381 3959 2574 4012 Gnon.

1540 4071 1619 4081 —-
1638 4039 1881 4093 Comedis.
1912 4035 2157 4102 Comedim
2183 4056 2283 4108 pro
2301 4039 2580 4092 comedem’m

1543 4121 1851 4190 antiquum.

1630 4203 1725 4253 66.
1755 4199 1927 4262 Miser.
1964 4196 2108 4251 Rud.
2127 4197 2212 4264 11,
2240 4195 2292 4262 3,
2315 4202 2435 4253 66:

2191 4301 2306 4380 24.
