3067 5017
539 428 672 499 188
1259 428 1931 507 PSEUDOLUS‚

527 576 676 622 51111.
721 548 906 639 Quid
941 549 1129 643 jam?
1175 574 1372 620 ΒΑΗ..
1430 556 1536 620 An
1578 552 1787 619 nescis
1822 574 1971 644 quae
2016 550 2104 617 sit
2137 547 2280 619 haec
2320 550 2468 619 res?
2532 576 2681 623 sm.
2688 554 2703 561 '

816 664 1018 729 Juxta
1054 685 1210 729 cum
1256 660 1790 754 ingnarissumiS.

524 794 722 839 ΒΑΗ..
755 767 1050 862 Edepol,
1092 768 1434 839 hominem
1467 771 1905 840 verberonem
1940 767 2393 839 Pseudolum·
2436 784 2513 838 ut
2546 770 2675 839 do-

815 894 920 947 cte
958 878 1190 948 dolum

526 986 1032 1061 Conmentu’st!
1063 990 1482 1059 tantumdem
1507 990 1809 1084 argenti,
1833 1005 2162 1084 quantum
2204 989 2395 1059 miles
2414 988 2673 1073 debuit,

523 1099 731 1170 Dedit
760 1100 942 1186 huie,
978 1114 1187 1196 atque
1222 1100 1569 1169 hominem
1599 1100 1983 1187 exornavit,
2022 1097 2377 1169 mulierem
2409 1099 2527 1194 qui
2564 1123 2675 1167 ar-

813 1224 1128 1281 cesseret.
2620 1226 2673 1265 ⁶⁵

518 1318 887 1390 Pseudolus
925 1335 1076 1389 tuos
1114 1320 1450 1416 adlegavit
1483 1321 1707 1408 hunc,
1749 1321 1936 1415 quasi
1974 1346 2013 1389 a
2050 1320 2457 1390 Macedonio

518 1430 737 1499 Milite
785 1446 976 1500 esset.
1025 1456 1168 1501 suu.
1211 1432 1520 1501 Habesne
1556 1446 1914 1526 argentum
1956 1432 2039 1500 ab
2086 1431 2410 1501 homine?
2466 1442 2697 1503 BALL.'

807 1542 1127 1634 RogitaS,
1173 1542 1358 1635 quod
1401 1541 1637 1611 vides?

523 1674 667 1720 sm.
700 1655 915 1737 HeuS,
941 1666 1280 1721 memento
1308 1636 1469 1747 ergo
1491 1652 1841 1721 dimidium
1865 1652 2113 1723 isthinc
2141 1652 2309 1719 mihi
2336 1650 2416 1719 de
2449 1650 2675 1745 praeda

820 1760 980 1830 dare
1011 1788 1026 1829 ε
1846 1770 1859 1782 ’

522 1874 880 1942 Conmune
934 1872 1105 1940 istuc
1153 1896 1292 1940 esse
1337 1886 1627 1965 oportet.
1713 1895 1909 1941 ΒΑΜ..
1981 1869 2207 1961 Quid,
2254 1868 2557 1937 malum?
2600 1868 2671 1936 id

814 1994 1034 2049 totum
1077 1980 1388 2051 tuum’st.

517 2114 736 2161 HARP.
769 2078 996 2180 Quam
1025 2118 1184 2161 mox
1217 2093 1384 2161 mihi
1407 2118 1687 2188 operam
1726 2093 1885 2163 das?
1929 2116 2129 2161 BALL.
2160 2092 2317 2161 Tibi
2355 2091 2443 2160 do
2476 2092 2669 2185 equi·

814 2201 964 2269 dem
1004 2229 1019 2272 :
1069 2202 1230 2297 quid
1271 2229 1454 2275 nunc
1488 2205 1657 2273 mihi
1700 2229 1769 2272 es
1812 2218 2075 2291 auctor,
2118 2201 2344 2274 Simo?
2616 2229 2674 2268 70

519 2334 662 2381 sm.
690 2309 1204 2406 Exploratorem
1233 2314 1416 2384 hunc
1445 2315 1768 2384 faciamus
1795 2314 1991 2383 ludos
2027 2312 2554 2407 subposititium.

525 2444 725 2491 BALL.
769 2422 990 2509 Adeo,
1028 2423 1402 2493 donicum
1385 2450 1571 2519 ipsus
1615 2450 1755 2493 sese
1802 2424 1996 2494 ludos
2034 2424 2181 2493 fieri
2220 2423 2534 2507 senserit,

524 2533 842 2626 Sequere
877 2549 958 2605 (Λᾶ
985 2554 1072 2591 Er
1025 2564 1125 2605 περ
1127 2566 1178 2604 se
1179 2552 1252 2607 m·)
1283 2535 1470 2623 Quid
1507 2536 1913 2629 ais?nempe
1958 2550 2032 2603 tu
2078 2532 2257 2603 illius
2295 2558 2517 2632 seryos
2558 2532 2672 2659 es?

813 2664 1029 2710 HARP.
1080 2641 1519 2714 planissume.

519 2772 718 2818 ΒΑΜ..
766 2750 1026 2837 Quanti
1074 2765 1138 2819 te
1175 2752 1390 2829 emit?
1436 2778 1650 2825 HARP.
1695 2760 1985 2825 Suarum
2034 2756 2103 2823 in
2149 2778 2375 2847 pugna
2420 2752 2663 2820 virium

816 2862 1116 2929 vlctoria'.

518 2972 694 3041 Nam
728 2995 854 3065 ego
889 2995 1070 3039 eram
1101 2971 1284 3039 domi
1322 2974 1669 3068 inperator
1692 3000 1993 3045 summus
2028 2975 2097 3041 in
2124 2974 2338 3067 patria
2367 2996 2531 3040 mea.
2616 2992 2667 3044 7⁵

517 3105 718 3151 ΒΑΗ..
749 3084 856 3149 An
886 3082 1087 3149 etiam
1116 3082 1228 3152 ille
1256 3109 1555 3177 unquam
1572 3085 1980 3181 expugnavit
1996 3108 2353 3169 carcerem,
2379 3082 2664 3177 patriam

820 3207 1002 3260 tuam
1033 3191 1063 3259 Ξ)

1638 3332 1793 3377 tuum
1828 3318 1933 3370 sit:
1973 3336 2072 3371 nec
2109 3316 2240 3369 mihi
2288 3329 2492 3387 partem
2536 3314 2666 3367 inde

1637 3410 1780 3469 pete.
1811 3399 2046 3450 Acmu..
2066 3429 2147 3439 —-
2171 3398 2321 3449 Hanc
2346 3396 2495 3447 nolui
2518 3393 2666 3449 docti

1636 3478 1739 3530 viri
1804 3477 2076 3549 praeterire
2141 3476 2664 3529 commentationem.

601 3318 693 3367 62.
708 3314 866 3367 Juxta
889 3335 932 3368 c.
955 3316 1341 3384 ingnarissumis.
1377 3321 1549 3388 AEque

519 3395 698 3447 nescio
726 3414 787 3448 ac
816 3395 1156 3467 ignarissimi.
1181 3396 1327 3449 Vide
1359 3398 1548 3451 Aulul.
1578 3466 1583 3472 Α

519 3476 622 3541 IV,
655 3492 712 3542 7.
1233 3482 1252 3513 0

600 3558 696 3621 69.
721 3552 883 3622 Quid,
907 3554 1122 3605 malum?
1149 3555 1182 3606 J
1187 3574 1336 3608 ocus.
1357 3556 1548 3609 Malum

513 3634 843 3704 interjectiva
875 3634 1164 3705 particula,
1205 3636 1261 3687 in
1299 3634 1544 3706 indigna-

515 3714 663 3766 tione
687 3710 920 3765 solennis
947 3733 960 3764 2
992 3712 1085 3767 sed
1122 3726 1172 3765 ct
1201 3712 1458 3767 damnum
1490 3728 1544 3767 et

511 3792 805 3846 cruciatum
835 3806 983 3846 notat
1009 3815 1020 3845 ε
1055 3793 1294 3865 dumque
1323 3795 1428 3846 hoc
1467 3792 1546 3846 di·

512 3890 635 3925 cere
656 3870 870 3924 videtur
890 3894 902 3924 :
929 3871 1076 3938 Quid
1099 3873 1233 3926 adeo
1257 3892 1544 3927 commune

511 3953 724 4005 lucrum
769 3952 902 4006 istuc
941 3954 1224 4024 postulas?
1270 3965 1441 4005 totum
1484 3953 1545 4007 id

513 4030 733 4103 quidem
775 4044 856 4084 est
897 4045 1048 4085 tuum
1085 4054 1096 4083 :
1144 4032 1280 4085 illud
1326 4034 1542 4086 interim

512 4110 646 4164 dicit
669 4129 682 4162 τ
715 4109 861 4174 Quid
884 4130 1169 4165 commune
1188 4113 1284 4164 tibi
1310 4114 1545 4183 postulas

515 4189 768 4247 mecum?
801 4192 1050 4246 Malum?
1094 4191 1150 4244 id
1194 4210 1323 4247 vero
1368 4205 1543 4249 totum

1636 3560 1769 3623 Quae
1817 3570 1992 3609 tamen
2033 3556 2169 3609 mibi
2205 3556 2433 3608 nimium
2475 3555 2669 3607 iutelli-

1636 3655 1760 3709 gere
1783 3635 2021 3699 videtur,
2060 3635 2197 3688 adeo
2235 3649 2290 3688 ut
2318 3654 2479 3706 prave
2506 3635 2679 3689 intel·⁴

1634 3718 1781 3787 ligat.
1805 3714 1949 3767 Vide
1977 3714 2107 3787 quid
2145 3715 2407 3787 compacti
2448 3715 2556 3767 sint
2584 3732 2661 3767 sc.

1635 3816 1753 3867 sup.
1779 3815 1856 3848 vs.
1888 3797 1921 3848 8
1953 3815 2067 3867 sqq.
2098 3796 2168 3847 N.

1716 3895 1810 3946 71.
1848 3876 2106 3927 Faciamus
2145 3875 2301 3927 ludos.
2332 3874 2413 3928 Cf.
2445 3873 2662 3943 captiv.

1632 3956 1743 4021 ΠΙ,
1773 3962 1804 4019 4
1821 3995 1836 4020 ²
1861 3962 1953 4025 47·

1716 4054 1807 4104 72.
1830 4035 1993 4088 Adeo.
2012 4032 2199 4087 Aulul.
2220 4034 2323 4096 lv,
2356 4052 2382 4084 2
2400 4070 2413 4089 ‚
2449 4036 2539 4085 16.

1716 4114 1807 4185 73.
1838 4114 1976 4183 Quid
2000 4117 2073 4165 αἱς
2092 4121 2122 4163 :²
2166 4112 2347 4167 Aulul.
2372 4114 2475 4177 IV,
2504 4130 2536 4180 9
2556 4150 2571 4176 ,
2605 4131 2663 4179 7.

1633 4226 1710 4237 --
1733 4194 1897 4253 Illius,
1927 4194 2128 4247 militis.
