3067 5017
805 445 1140 515 ACTUS
1205 445 1721 533 1v,sGENA
1788 451 1889 519 11.
2324 449 2417 546 67

273 588 470 637 snm.
511 568 624 635 Me
659 590 798 633 non
838 566 1174 660 perdant:
1217 569 1405 677 illuni
1445 586 1519 640 ut
1560 572 1845 666 perdant
1880 572 2097 643 facere
2136 575 2421 668 possim,

565 676 619 744 si
665 676 903 763 velim,

272 792 506 861 Meum
541 786 775 855 herum
829 801 904 855 ut
955 787 1290 881 perdant3
1359 792 1429 858 ni
1485 792 1655 862 mihi
1707 808 2042 881 metuam,
2105 794 2421 889 Milphio.

567 920 818 967 th’n.
857 896 1044 989 Quid
1083 898 1154 965 id
1192 900 1336 969 est?
1379 900 1566 969 cedo.

195 1056 202 1061 -
273 1032 470 1082 stne.
507 1006 733 1077 Malus
769 1034 860 1077 es.
909 1032 1164 1078 ΜιιΡΗ.
1197 1009 1400 1079 Malis
1440 1032 1612 1079 sum.
1661 1036 1863 1083 erc.
1887 1000 2082 1083 'Male
2109 1014 2275 1081 mihi
2307 1026 2423 1082 est.

567 1104 816 1187 MILPn.
855 1120 1368 1209 Memoradum3
1413 1144 1555 1188 esse
1591 1119 1785 1190 aliter
1820 1121 2029 1191 decet.

272 1227 458 1317 Quid
497 1241 598 1295 est
635 1229 818 1321 quod
863 1228 1036 1296 male
1071 1230 1200 1299 sit?
1243 1231 1402 1324 quoi
1447 1229 1631 1297 domi
1670 1244 1769 1299 est
1806 1230 1987 1324 quod
2020 1231 2160 1300 edis
2182 1284 2202 1319 ‚
2240 1228 2426 1324 quod

552 1362 744 1407 =ames
780 1338 1058 1406 adfatim
1086 1391 1105 1425 ,
2369 1358 2422 1407 45

271 1449 510 1541 Neque
547 1448 916 1517 triobulum
953 1446 1166 1515 ullum
1210 1448 1440 1518 amicae
1478 1448 1636 1537 das,
1682 1464 1753 1519 et
1796 1449 2028 1519 ductas
2072 1452 2322 1545 gratiiS.

272 1582 470 1628 SYNC.
511 1558 848 1655 Diespiter
875 1584 986 1627 me
1021 1558 1114 1627 sic
1142 1558 1490 1631 amabit....
1527 1584 1783 1631 MILPH.
1808 1564 1904 1631 Ut
1926 1561 2199 1655 quidem
2220 1616 2240 1649 ‚
2272 1562 2423 1631 ede-

563 1669 714 1763 pol,
748 1669 1006 1763 dignus
1045 1694 1136 1737 es,

273 1802 470 1849 sYNc.
510 1784 608 1849 Ut
641 1804 766 1873 ego
803 1779 978 1847 hanc
1015 1778 1337 1847 familiam
1371 1780 1647 1849 interire
1676 1778 1921 1881 cupio!
1950 1804 2203 1851 MILPH.
2228 1782 2420 1851 Adde

567 1914 879 1983 operam,
919 1889 970 1955 si
1009 1890 1219 1981 cupis.

271 2023 462 2069 SYNC.
507 2000 668 2067 Sine
693 2000 936 2094 pennis
977 1998 1202 2067 volare
1236 1999 1418 2067 haud
1457 2000 1683 2069 facile'
1688 2016 1787 2070 st:
1818 2014 1979 2070 meae
2006 2002 2125 2071 alae
2158 2028 2413 2097 pennas

565 2134 698 2176 non
744 2109 1017 2176 habent.

273 2243 522 2290 MILPH.
547 2218 796 2305 Nolim,
827 2217 1098 2312 edepol,
1119 2216 1526 2305 devellisse3
1501 2244 1643 2315 Jam
1661 2218 1767 2287 his
1794 2220 2056 2289 duobus
2080 2223 2421 2293 mensibus

351 2358 447 2413 4².
477 2352 562 2404 Me
600 2370 698 2401 non
733 2350 957 2421 perdant.
1001 2352 1127 2403 Haec
1169 2351 1298 2403 scri·
1383 2352 1678 2421 negotium.
1728 2344 1813 2404 Sie
1860 2352 1999 2405 infra
2034 2374 2045 2404 z
2096 2378 2118 2400 ι
2142 2354 2320 2407 Potin’
2351 2369 2411 2409 tu

268 2443 425 2501 ptura
457 2444 535 2484 est
561 2432 976 2483 vetem-imorum
1011 2430 1293 2482 librorum.
1379 2429 1496 2484 fleri
1553 2429 1849 2483 subdolus?
1878 2450 1968 2486 iu.
2014 2432 2243 2486 Inimico
2291 2454 2417 2505 pos·

270 2510 458 2581 Neque
484 2528 636 2563 causa
661 2524 804 2571 erat,
835 2528 930 2561 cur
959 2528 1072 2561 eam
1107 2510 1299 2561 sollici-
1383 2511 1482 2561 sim
1507 2535 1556 2559 »-
1586 2510 2275 2568 Gnonov.—Memoradum.
2302 2515 2413 2579 Qui

270 2584 446 2642 tiu-ent
487 2588 704 2643 eruditi.
751 2590 970 2643 Dixerat
1019 2588 1294 2657 Milphio:
1382 2588 1631 2659 legebant
1670 2590 2050 2647 memorandum,
2095 2610 2204 2644 non
2248 2594 2414 2647 habe·

269 2670 358 2721 Dii
400 2682 454 2721 te
499 2681 552 2722 et
603 2670 795 2726 herum
849 2681 1002 2720 tuum
1053 2667 1294 2739 perdant.

267 2747 576 2822 Respondet
611 2749 998 2819 Syncerastus‘:
1045 2750 1166 2799 Iuro
1209 2766 1295 2800 me

269 2827 345 2881 dii
367 2847 478 2879 non
506 2828 752 2899 perdent,
776 2840 836 2880 ut
860 2846 975 2879 mea
1002 2827 1297 2899 superstitis

270 2924 432 2979 opera
507 2907 734 2979 perdere
815 2907 1025 2977 possint
1104 2908 1296 2959 hex-‘um

235 2980 238 2987 ¹
269 3005 466 3040 meum.
523 2988 589 3039 In
637 3006 754 3041 mea
805 2987 948 3039 enim
1003 3004 1164 3039 manu
1217 2998 1296 3039 est

267 3066 496 3137 perdere
536 3086 691 3137 posse
740 3068 931 3119 herum
949 3105 966 3130 ‚
1017 3068 1058 3119 si
1112 3066 1294 3119 velim.

268 3148 554 3200 Boxuomv.

353 3226 448 3289 43.
477 3226 632 3289 Cedo,
666 3224 773 3278 dic.
1101 3247 1106 3252 ·

328 3312 446 3369 ‘44
494 3307 649 3357 Malis
693 3323 814 3357 sum.
861 3306 1074 3377 Vulg0,
1116 3306 1288 3357 malus.

271 3386 328 3439 Si
354 3404 614 3455 nugarum
637 3386 880 3456 poenitet,
902 3386 1019 3455 lege
1045 3400 1287 3438 mecum.

269 3467 424 3519 Malis
450 3484 571 3517 sum.
595 3467 812 3517 Dixerat
843 3478 963 3517 ante
997 3464 1142 3517 idem
1169 3464 1295 3517 Mil-

268 3546 427 3616 phio,
469 3564 547 3597 vs.
593 3546 696 3607 34,
740 3545 908 3596 Malus
933 3564 1036 3596 sum
1052 3562 1292 3615 ,wquem-

271 3622 564 3678 admodum
591 3624 646 3676 in
669 3624 961 3677 Cistellaria
985 3642 1200 3696 quoque
1223 3622 1294 3677 de

271 3724 324 3757 se
346 3710 556 3769 serruS,
583 3704 684 3767 IV,
719 3723 746 3755 α
771 3722 824 3756 ια
845 3706 990 3757 Bona
1014 3704 1212 3757 femina
1238 3716 1294 3757 et

271 3785 441 3837 malus
479 3786 740 3837 masculus
773 3785 965 3835 volunt
997 3797 1050 3837 te
1089 3808 1150 3836 ·.·
1175 3785 1292 3835 Hoc

271 3883 415 3917 nunc
461 3864 512 3914 ei
557 3860 736 3915 reddit
775 3853 945 3916 =alter:
977 3862 1088 3915 no'n
1118 3862 1292 3915 audeo

270 3942 414 4014 apud
440 3956 492 3995 te
513 3942 776 4008 confiteri,
798 3943 926 4013 quia
941 3942 1095 4005 males
1113 3961 1192 4003 ως
1215 3960 1295 3994 re-

273 4020 504 4093 spondet
518 4020 610 4072 ille
627 4039 641 4071 :
659 4022 744 4073 Sic
761 4042 863 4073 sum
885 4022 1073 4085 malae,
1087 4020 1175 4091 eed
1196 4040 1294 4072 ma-

276 4102 335 4153 lis
351 4124 370 4155 .-
390 4120 498 4153 non
522 4099 680 4152 bonis
707 4100 818 4151 sive
841 4102 1064 4153 omnino
1087 4103 1196 4153 sive
1227 4100 1295 4153 ad

275 4179 620 4235 commodum
675 4179 810 4231 mihi
879 4182 1120 4252 heroque
1176 4199 1296 4233 meo

1381 2668 1512 2721 bant
1546 2682 1778 2722 assuetas
1809 2688 1961 2721 aures
2004 2666 2280 2743 ἰδιωτισμῷ
2322 2693 2414 2727 ro-

1383 2763 1577 2813 mann,
1622 2760 1781 2819 quem
1834 2748 2151 2802 adamarunt
2196 2753 2407 2806 comi'ei.

1386 2829 1500 2879 Hae
1527 2828 1640 2898 ipsa
1676 2830 1854 2881 fabula
1871 2867 1886 2892 ,
1916 2829 1988 2891 V,
2016 2846 2043 2879 τι
2066 2849 2080 2879 2
2106 2850 2129 2871 α
2152 2830 2413 2883 Memora-

1381 2905 1512 2959 dum
1544 2909 1675 2959 mihi
1693 2946 1709 2974 ‚
1741 2909 1783 2960 si
1804 2908 1931 2961 novi
1956 2908 2095 2961 forte
2118 2934 2165 2960 ι.
2204 2910 2409 2963 Ennius

1383 2984 1526 3055 apud
1554 2988 1866 3041 Ciceronem
1881 3026 1898 3051 ‚
1918 2987 2082 3040 Acnd.
2102 2989 2213 3040 IV:
2252 3014 2277 3036 ι
2300 2990 2410 3041 Ite-

1380 3064 1571 3117 radum
1615 3066 1913 3119 eademmet
1948 3068 2045 3119 ista
2084 3067 2266 3118 mihi·
2340 3069 2410 3121 Et

1383 3145 1498 3199 Cic.
1523 3147 1683 3199 Tusc.
1712 3147 1817 3199 ΙΙ·

1381 3224 1476 3277 ista
1523 3226 1697 3278 mihi:
1735 3244 1845 3278 non
1887 3226 2031 3278 enim
2077 3226 2401 3297 intelligo».

1381 3300 1555 3358 Habet
1604 3318 1657 3357 et
1700 3294 1797 3358 lib'.
1834 3307 1961 3357 XIV
2000 3305 2071 3357 ad
2109 3306 2267 3357 Attio.
2312 3312 2403 3369 14.

1383 3384 1564 3438 Gnoiv.
1580 3416 1657 3427 --
1684 3386 1809 3437 Esse
1828 3386 1899 3437 al.
1922 3386 2073 3437 decet.
2100 3386 2282 3437 Itonia
2310 3398 2404 3437 est.

1395 3493 1400 3501 -
1463 3471 1492 3527 αἱ
1503 3464 1553 3518 5
1596 3465 1730 3533 Quoi
1757 3466 1889 3517 domi
1918 3478 2020 3529 est,
2056 3465 2202 3535 quod.
2245 3465 2410 3516 Habi-

1378 3546 1523 3597 tabat
1554 3544 1698 3597 enim
1724 3546 2069 3615 Syncerastus
2090 3542 2239 3615 apud·
2253 3544 2406 3629 leno

1379 3640 1526 3677 nem.
1556 3625 1705 3677 L11³s‚

1393 3737 1402 3745 ι
1463 3710 1557 3774 47.
1580 3704 1857 3774 Diespiter,
1902 3714 2006 3756 e'tc.
2042 3702 2339 3777 For-mula·
2317 3693 2407 3775 Ju-

1381 3780 1671 3855 risjurandi
1686 3822 1703 3848 .,
1730 3802 1849 3854 quae
1872 3802 1979 3853 seq.
2003 3800 2157 3835 versu
2180 3782 2411 3838 absolvi-

1380 3876 1488 3916 tur.
1519 3864 1727 3934 Captiv.
1753 3864 1865 3925 111,
1892 3867 1945 3927 4,
1963 3863 2043 3931 89
2065 3877 2081 3927 ;‘
2108 3863 2208 3927 IV,
2232 3874 2287 3929 α’,
2312 3877 2411 3934 97:

1466 3944 1556 4005 48.
1582 3942 1729 3995 Adde
1760 3961 1953 4013 operam
1972 3982 1985 4004 ,
2012 3955 2073 3995 ut
2098 3942 2213 3995 hoec
2244 3942 2407 4009 fiant,

1383 4022 1534 4075 factis
1568 4021 1790 4092 adjuvan,
1816 4040 1926 4073 non
1950 4022 2087 4073 votis
2116 4034 2343 4075 tantum.

1469 4102 1557 4155 50.
1584 4102 1785 4161 Nolito,
1816 4101 2001 4169 edepol,
2028 4102 2411 4154 devellisse.Ne·

1387 4198 1549 4252 quam
1596 4180 1917 4251 plagitriba,
1962 4194 2157 4253 praeter
2187 4196 2411 4245 *omnem

2082 4274 2143 4345 5.

1868 3145 2203 3199 «wlteradum
2221 3146 2409 3200 eadem
2503 3162 2507 3169 '
