3067 5017
592 438 690 521 44
1369 434 1957 523 POENULUS,

585 564 730 629 Hos
745 572 812 626 te
823 558 1030 626 satius
1041 572 1142 626 est
1153 558 1394 627 docere
1407 612 1428 644 ‚
1449 573 1524 626 ut
1535 612 1555 644 ‚
1574 559 1848 652 quando
1870 584 2049 651 agas,
2064 558 2230 654 quid
2243 575 2477 653 agant,
2494 562 2724 633 sciant.

583 672 728 740 Nos
761 682 837 736 tu
881 694 968 736 ne
999 670 1323 756 curassis,
1357 670 1604 738 scimus
1646 694 1788 738 rem
1824 695 2093 739 omnem
2124 698 2141 739 :
2182 672 2436 766 quippe
2466 675 2726 742 omneis

879 776 1080 847 simul
2672 808 2727 847 s·

581 884 960 959 Didicimus
991 904 1216 956 tecum
1249 914 1420 975 una,
1465 903 1545 957 ut
1581 890 1987 983 respondere
2025 890 2361 983 possimus
2386 890 2531 960 tibi.

583 1024 802 1070 Acon.
863 1002 970 1067 Ita
1020 997 1417 1092 pmfecto’st
1461 1024 1480 1066 :
1535 997 1655 1067 sed
1708 999 1890 1093 agite
1945 999 2186 1093 igitur,
2229 1012 2304 1066 ut
2352 999 2557 1067 sciam
2604 1022 2727 1067 vos

873 1132 1044 1175 scire
1087 1128 1230 1176 rem

577 1216 938 1311 Expedite,
977 1231 1048 1284 et
1078 1218 1246 1285 mihi
1281 1241 1430 1311 quae
1463 1216 1723 1285 dudum
1758 1218 1951 1285 vobis
1988 1217 2171 1301 dixi,
2214 1217 2435 1287 dicite.

577 1350 744 1395 mv,
790 1329 984 1394 Itane
1009 1340 1226 1394 tentas
1255 1352 1344 1394 an
1381 1326 1715 1394 sciamus?
1746 1352 1889 1394 non
1926 1326 2307 1395 meminisse
2338 1351 2466 1395 nos
2500 1343 2725 1409 ratu5‚

577 1434 942 1525 Quomodo
979 1450 1310 1505 trecentos
1341 1434 1697 1529 Philippos
1731 1435 2109 1530 Collybisco
2142 1435 2369 1504 villico
2677 1460 2726 1496 ⁵¹⁵

585 1544 906 1629 DederiS‚
941 1570 1114 1638 quos
1139 1545 1433 1613 deferret
1458 1546 1594 1613 huc
1620 1546 1707 1614 ad
1742 1544 2055 1614 lenonem
2088 1546 2433 1614 inimicum
2470 1562 2701 1635 tuum;

582 1658 784 1749 Isque
813 1680 884 1721 se
919 1668 996 1721 ut
1021 1653 1454 1723 adsimularet
1483 1657 1914 1749 peregrinum
1950 1680 2093 1723 esse
2132 1655 2443 1743 aliunde,
2476 1682 2561 1725 ex
2594 1657 2729 1727 alio

871 1762 1147 1855 oppido.

573 1872 712 1941 Ubi
750 1872 807 1939 is
838 1870 1170 1957 tetulerit,
1212 1887 1286 1940 tu
1317 1899 1398 1941 eo
1433 1873 1791 1967 quaesitum
1826 1900 2087 1942 servom
2128 1873 2446 1943 adventes
2482 1890 2675 1943 tuum

572 1986 752 2051 Cum
781 1983 1089 2075 pecunia.
1125 2007 1340 2053 Acon.
1369 1985 1773 2053 Meministis
1806 1986 2227 2053 memoriter:
2258 1988 2571 2054 servastis
2598 2012 2724 2054 me.

569 2116 737 2161 ΜΝ.
767 2091 890 2161 Ille
931 2092 1236 2186 negabit,
1271 2094 1724 2187 Milphionem
1754 2097 1962 2188 quaeri
2002 2096 2301 2164 censebit
2337 2112 2566 2165 tuum:
2672 2114 2729 2152 ⁶⁰

571 2202 651 2269 Id
690 2200 1063 2297 duplicabit
1103 2228 1307 2269 omne
1341 2203 1597 2271 furtum
1636 2229 1653 2272 :
1696 2203 1849 2272 leno
1893 2205 2243 2274 addicetur
2280 2206 2431 2273 tibi.

571 2311 682 2380 Ad
715 2336 866 2378 eam
903 2336 1046 2378 rem
1083 2337 1205 2379 nos
1239 2338 1381 2381 esse
1413 2313 1641 2381 testeis
1677 2316 1781 2382 vis
1818 2315 1967 2383 tibi.
2008 2340 2221 2386 Acon.
2254 2317 2525 2384 Tenetis
2558 2340 2725 2383 rem.

567 2444 737 2491 mv,
772 2421 910 2489 Vix
943 2420 1219 2513 quidem
1242 2476 1262 2508 ‚
1297 2421 1553 2511 hercle,
1610 2424 1705 2491 ita
1746 2424 2045 2518 pauxilla
2086 2442 2225 2515 est,
2263 2425 2565 2521 digitulis
2599 2426 2727 2519 pri-

865 2530 1192 2599 moribus.

661 2742 757 2804 49.
792 2735 936 2805 Quid
953 2748 1139 2804 agant,
1175 2734 1214 2787 i.
1243 2753 1291 2786 e.
1319 2734 1455 2805 quid
1481 2756 1607 2807 spe-
1775 2742 1871 2793 63.
1916 2740 2017 2792 Vis
2056 2741 2277 2813 quidem,
2318 2742 2494 2792 hercle.
2526 2742 2621 2791 Res
2646 2741 2719 2791 si-

573 2826 749 2879 etent,
787 2833 912 2867 nam
962 2814 1021 2867 id
1067 2814 1176 2866 illis
1209 2813 1476 2884 agendum
1506 2829 1604 2868 est.
1692 2820 1915 2889 gnificat
1952 2819 2245 2889 aliquando
2291 2821 2594 2889 negotium,
2626 2820 2721 2871 ali-

575 2896 780 2947 Forsan
814 2894 1008 2946 melius
1037 2891 1320 2946 Acidalia,
1350 2916 1364 2945 :
1414 2921 1438 2942 ι
1469 2894 1605 2966 quid
1694 2896 1919 2967 quando
1950 2900 2234 2969 pecuniam
2266 2899 2724 2969 familiarem,pa-

575 2993 702 3045 agas
725 3001 776 3027 ι.
810 2974 878 3025 Ν.
1694 2977 2011 3030 trimonium
2028 3018 2045 3042 ,
2067 2991 2127 3030 ut
2154 2998 2251 3029 mn
2274 2978 2467 3043 lubere,
2486 2998 2584 3029 rem
2609 2998 2725 3029 con-

659 3054 690 3107 ⁵
705 3072 755 3107 1.
797 3053 1078 3103 Didieimus
1126 3063 1294 3103 tecum
1343 3052 1605 3106 Fabulam
1680 3058 1928 3125 flingen.
1954 3056 2381 3110 Introducuntur
2398 3070 2576 3109 autem
2602 3058 2726 3109 ubi-

577 3145 738 3205 poeta
785 3130 974 3193 docet,
1018 3129 1236 3183 discunt
1273 3144 1513 3198 actores3
1555 3148 1609 3186 et

575 3212 793 3265 discum
824 3212 1014 3275 simul,
1049 3209 1178 3262 dum
1207 3212 1476 3263 actionem
1509 3232 1607 3284 pe-

577 3294 917 3355 riclitantur3
963 3309 1073 3361 quo
1100 3291 1274 3343 facete
1303 3290 1395 3343 hie
1427 3292 1607 3345 allusit

573 3373 810 3425 Plautus.
833 3372 886 3421 J.
907 3370 1056 3422 Gur..

660 3451 754 3515 54.
779 3451 896 3503 Non
923 3452 1186 3500 meminisse
1211 3469 1302 3501 ms
1327 3463 1479 3512 ratus,
1497 3464 1605 3504 etc.

444 3583 458 3589 „
571 3530 781 3600 Lepide
817 3540 1218 3592 commentum,
1257 3548 1366 3601 qua
1405 3532 1605 3583 iterum

571 3629 660 3663 res
697 3609 861 3680 paulo
908 3609 1238 3678 implicatior
1288 3623 1603 3673 enarretur,

571 3708 694 3761 quae
731 3707 803 3741 ne
845 3706 1036 3759 parum
1067 3700 1298 3740 attentos
1335 3690 1418 3740 vel
1453 3687 1605 3741 haud

571 3783 788 3821 strenue
817 3768 1205 3837 intelligentes,
1239 3769 1605 3837 spectantium

575 3849 784 3903 animos
820 3848 1228 3918 preterfugeret
1242 3886 1259 3911 ,
1313 3860 1476 3917 poeta
1531 3850 1603 3899 ti·

575 3930 730 3981 muit.
753 3927 825 3978 N.

655 4008 750 4062 58.
769 4008 856 4059 Eo
871 4044 890 4070 ,
919 4006 1013 4059 sic.

655 4092 723 4140 61
736 4128 751 4140 .
775 4086 1064 4157 Duplieahit
1077 4104 1216 4135 omne
1225 4086 1438 4151 fur-tm.
1461 4085 1599 4157 Sup.

572 4170 622 4232 1,
657 4186 706 4230 1,
732 4164 1232 4221 56.-Addioetura
1251 4152 1502 4235 prietore.

1694 3156 1805 3207 que
1828 3138 1887 3187 hi
1909 3134 2157 3188 advooeti
2176 3155 2439 3208 pauperes
2460 3136 2721 3189 lihertini.

1693 3218 1889 3285 Itaque
1936 3234 2105 3287 quum
2158 3229 2393 3285 rogasset
2436 3222 2723 3285 Agorasto-

1693 3295 1801 3348 cles
1818 3313 1835 3345 τ
1863 3318 1887 3337 ι
1903 3296 2093 3347 tenetis
2110 3314 2227 3347 rem
2242 3300 2269 3345 ἓ
2291 3322 2315 3341 n
2342 3295 2491 3366 quod
2514 3296 2725 3359 est,sci-

1694 3375 1761 3427 tis
1787 3374 1923 3445 quid
1950 3372 2213 3444 agendum
2244 3375 2313 3427 sit
2338 3396 2352 3425 ε
2394 3375 2475 3427 illi
2504 3393 2725 3444 respon·

1700 3452 1859 3515 dent,
1889 3456 2040 3523 quasi
2076 3467 2313 3525 rogasset
2340 3452 2411 3506 de
2438 3467 2577 3506 statu
2602 3454 2725 3505 illo·

1690 3552 1815 3584 rum
1836 3545 1889 3585 et
1908 3532 2137 3603 pecunia
2153 3555 2170 3584 τ
2190 3535 2461 3586 Tenemus
2481 3532 2723 3605 quidem,

1690 3610 1787 3664 sed
1820 3612 1907 3664 vix
1948 3613 2135 3665 hercle
2166 3633 2183 3664 τ
2216 3624 2277 3665 ut
2296 3626 2572 3678 tenentur,
2600 3630 2723 3683 quae

1690 3691 1902 3743 minimi
1934 3690 2083 3743 modi
2114 3705 2241 3744 sunt
2260 3731 2278 3756 ‚
2323 3691 2567 3763 digitulis
2608 3693 2726 3763 pri·

1688 3771 1935 3823 moribus
1958 3793 1973 3821 :
2004 3772 2080 3824 ita
2100 3773 2368 3842 pauxilla,
2395 3773 2590 3835 tennis,
2610 3772 2724 3823 exi-

1690 3868 1797 3920 gua
1822 3863 1917 3903 est.
1951 3851 2210 3905 Similiter
2240 3852 2379 3905 ludit
2406 3851 2623 3903 Cureul.
2650 3852 2723 3915 V,

1698 3949 1727 3981 2
1753 3948 1768 3981 :
1800 3952 1825 3972 ι
1849 3931 2042 4001 Magna
2071 3952 2159 3984 res
2188 3945 2286 3985 est.
2324 3950 2416 3985 ru.
2452 3931 2612 3983 Nulla
2642 3942 2723 3982 est

1690 4009 1862 4061 mihi:
1885 4029 2013 4063 nam
2046 4030 2207 4081 quam
2248 4012 2446 4070 habui,
2484 4011 2723 4061 absumsi

1690 4089 1937 4143 celeriter
1966 4117 2016 4144 ι.
2044 4092 2229 4146 (ἶιιοι.
2262 4128 2339 4137 -
2374 4091 2460 4143 Cf.
2492 4087 2715 4144 Curcul.

1690 4168 1739 4232 1,
1779 4188 1831 4235 ι,
1868 4168 1961 4234 4⁵·
