3067 5017
1084 430 1750 503 FRAGMENTA.
2349 428 2486 520 527

1213 618 1612 697 PHAGoN.

330 766 569 839 Honos
618 781 1003 859 Syncerasto
1047 768 1242 861 perit.

416 956 467 992 1.
501 940 706 1004 Honos,
744 950 845 996 etc.
884 939 1034 1012 apud
1062 943 1371 997 Varronem
1458 956 1694 1009 rustum,
1734 942 1913 1018 inquit
1953 934 2162 1011 Varro,
2209 959 2290 1001 est
2327 966 2491 1002 omno

282 1017 285 1022 “
328 1017 395 1072 L.
417 1018 485 1073 L.
510 1020 627 1085 VI,
664 1020 717 1073 3.
738 1052 820 1063 —
842 1019 1151 1092 &acer-asto.
1176 1024 1375 1094 Synce-
1460 1024 1728 1078 edulium.

1163 1232 1648 1326 ΡμοεΙοΝῆ

298 1402 507 1495 ,Nam
548 1401 916 1471 coloratam
962 1402 1253 1473 frontem
1293 1405 1540 1492 habet,
1577 1404 1799 1499 petilis
1824 1459 1843 1484 ,
1885 1404 2133 1475 habris.

410 1572 436 1596 ¹*
459 1579 682 1632 Plocion.
702 1578 809 1631 Hic
835 1580 1023 1633 titulus
1058 1591 1136 1633 est
1163 1580 1357 1633 fabulae
1448 1598 1622 1659 graeco
1645 1582 1860 1640 πέταλον
1891 1599 1905 1633 :
1950 1594 2012 1634 ut
2035 1600 2066 1634 a
2091 1584 2336 1652 τρυτάνη,
2375 1595 2492 1635 tru-

330 1657 550 1711 Caecilii.
598 1658 739 1712 Gen.
769 1659 839 1711 N.
872 1662 936 1712 A.
968 1660 1025 1713 H
1048 1699 1064 1726 ,
1112 1661 1203 1713 23.
1234 1661 1361 1713 Vox
1447 1659 1597 1713 tina:
1653 1660 1872 1726 βυκένῆ,
1909 1660 2138 1714 buccina
2187 1678 2201 1714 ε
2255 1663 2486 1733 μηχανὴ,

326 1756 497 1807 groeca
523 1740 723 1792 πλόκιον
743 1778 759 1805 ,
788 1740 995 1792 monile
1016 1740 1300 1793 intortum.
1456 1739 1705 1793 machina
1729 1754 1784 1793 et
1811 1738 1955 1793 talia.
1987 1741 2130 1806 Quia
2157 1754 2337 1795 autem
2363 1740 2496 1797 folia

418 1838 465 1871 1.
488 1819 625 1873 Nam
653 1819 916 1873 color-olam
936 1860 953 1884 ‚
976 1831 1078 1873 etc.
1112 1838 1199 1891 ap.
1224 1820 1365 1875 Non.
1458 1820 1638 1873 tenuia
1660 1833 1785 1874 sunt
1807 1833 1860 1873 et
1882 1820 2068 1887 exilia,
2095 1820 2222 1873 inde
2240 1820 2492 1875 translate

328 1917 413 1951 vv.
454 1898 657 1969 petilum
676 1938 691 1961 ‚
734 1899 968 1967 frontem.
1022 1899 1235 1953 Nonius
1284 1918 1367 1953 ex·
1456 1900 1642 1953 omnia
1691 1898 1956 1972 ejusmodi
2015 1902 2172 1971 peta'la
2209 1902 2490 1955 vocabant.

328 1977 492 2049 plicat
506 1979 722 2049 petitus,
758 1980 965 2042 tenuis,
998 1979 1196 2044 huhrus,
1227 1980 1364 2032 mol·
1454 1978 1594 2033 Inde
1640 1980 1797 2033 etiam
1858 1980 2039 2033 Petilii
2091 1979 2223 2033 dicti
2253 2020 2269 2046 ,
2338 1978 2488 2052 quod

328 2057 411 2121 lis,
441 2056 609 2129 ἁὸρός.
644 2058 733 2112 Sic
759 2060 929 2111 oratio
960 2077 1165 2111 manca.
1183 2059 1366 2131 Vulgo
1455 2076 1688 2129 corpore
1716 2052 1891 2113 esseni
1910 2060 2126 2129 gracili:
2152 2058 2301 2133 quod
2323 2080 2494 2133 genus

333 2137 781 2191 labris.--Petil1·s.
803 2138 1038 2192 Petilum
1057 2138 1195 2191 nihil
1217 2137 1365 2191 aliud
1454 2139 1704 2191 homines
1732 2140 1892 2193 etiam
1915 2140 2133 2210 cingulos
2154 2140 2484 2205 nominatos,

330 2230 406 2271 est
429 2256 445 2281 ‚
504 2214 669 2291 qoam
724 2218 913 2272 folium
968 2218 1240 2272 detortum
1300 2238 1365 2271 ex
1454 2218 1778 2273 invenimus.
1811 2220 2032 2273 Mimas-

1200 2438 1593 2507 SATURIO
1609 2434 1662 2505 *.

330 2615 714 2686 Catulinam
764 2642 1040 2687 carnem
1085 2616 1325 2686 esitare

326 2728 605 2797 Retrahi
644 2730 982 2823 nequitur.
1020 2754 1296 2824 quoquo
1336 2752 1689 2822 progressa
1722 2741 1822 2795 est
1859 2725 2086 2797 semel.

328 2839 515 2907 Male
550 2839 670 2906 tihi
716 2839 1009 2907 evenisse
1057 2839 1254 2907 video
1286 2866 1301 2907 ε
1344 2838 1465 2931 qui
1497 2835 1729 2931 glaber
1765 2851 1910 2904 erat
1943 2850 2266 2931 tanquam
2306 2839 2472 2910 rien.

330 2949 807 3034 Subcenturia3
844 2963 1118 3017 centum
1152 2948 1453 3041 require,
1480 2946 1600 3040 qui
1639 2959 1704 3013 te
1739 2943 2070 3015 delectent
2100 2945 2305 3015 domi.

908 3082 937 3101 s

394 3155 645 3215 'Satur-io.
666 3130 818 3216 Hanc
836 3160 1071 3213 fabulam
1097 3161 1155 3213 in
1182 3159 1362 3229 pistri-
1450 3159 1593 3211 hulae
1613 3170 1737 3238 ¹sunt
1750 3158 2003 3214 indicio».
2017 3162 2151 3214 Dic.
2165 3160 2232 3214 ad
2249 3162 2388 3216 Fest.
2401 3163 2484 3217 De

332 3260 402 3293 no
452 3243 528 3295 ab
577 3254 790 3293 auctore
848 3240 1101 3309 scriptam
1155 3239 1366 3292 Gellius
1452 3237 1787 3308 adjicialibus
1811 3238 1937 3292 vide
1966 3240 2106 3293 Plin.
2133 3243 2340 3307 XXIX,
2363 3250 2453 3307 14.

334 3312 423 3391 (N.
450 3323 519 3375 A.
547 3323 659 3385 111,
686 3316 742 3383 3)
763 3319 945 3373 refert.
1540 3338 1590 3371 2.
1629 3318 1864 3381 Rev-ahi,
1893 3332 1991 3373 etc.
2039 3320 2184 3391 apud
2229 3320 2480 3375 eumdem

419 3420 469 3455 1.
496 3400 779 3455 Caudinam
807 3397 954 3470 apud
977 3400 1192 3453 Festum
1218 3399 1275 3451 h.
1307 3417 1362 3452 v.
1454 3418 1507 3451 v.
1534 3402 1776 3469 nequitur.

332 3480 486 3536 Hanc
513 3480 851 3535 Saturionem
888 3480 1120 3532 fabulam
1145 3478 1365 3551 respicit
1539 3478 1593 3535 3.
1613 3477 1752 3531 Male
1773 3478 1888 3543 tibi,
1916 3490 2018 3532 etc.
2050 3478 2198 3551 apud
2229 3478 2482 3533 eumdem

331 3558 540 3615 Plinius
563 3600 580 3623 ,
640 3580 810 3633 quum
857 3560 935 3613 ait
981 3558 1080 3613 lib.
1120 3558 1311 3611 XXIX
1345 3578 1358 3610 ε
1454 3576 1506 3611 v.
1528 3561 1704 3611 rienas.
1733 3557 2046 3611 -‘Glab01·.
2067 3560 2196 3612 Aul.
2215 3560 2301 3623 11,
2327 3560 2359 3612 8
2379 3598 2396 3625 ,
2428 3564 2483 3615 6.

340 3664 364 3687 ι
390 3640 698 3695 Catulinam
758 3638 1091 3711 adjicialibus
1136 3636 1359 3710 quidem
1536 3644 1592 3695 ιί.
1617 3635 1937 3690 Subcentun'a
1958 3677 1973 3704 ‚
2009 3651 2112 3693 etc.
2146 3638 2294 3712 apud
2340 3658 2488 3694 eum·

333 3720 599 3775 celebrem
638 3719 809 3792 epulis
834 3719 993 3773 fuisse
1020 3756 1038 3785 ,
1077 3718 1252 3771 Plauti
1284 3718 1361 3771 fa·
1450 3715 1576 3771 dem
1601 3737 1655 3772 v.
1682 3718 2056 3783 subeo-muriam.
