3067 5017
531 430 626 503 26

1311 416 1913 512 POENULUS;

521 577 743 624 acon..
790 550 1106 647 Milphio.
1159 576 1408 623 ΜιιΡΗ.
1461 550 1761 646 Edepol,
1824 547 2275 644 Milphionem
2326 548 2681 663 miserum!

823 661 988 756 quid
1027 687 1210 731 nunc
1254 664 1357 733 vis
1401 664 1573 733 tibi?

517 794 740 843 Acon.
776 774 1112 858 Obsecr0,
1147 773 1413 862 hercle,
1453 788 1528 842 ut
1566 770 1785 841 mulsa
1825 766 2157 865 loquitur!
2196 793 2453 840 uum.
2488 770 2682 843 Nihil

822 884 949 951 nisi
995 882 1377 971 laterculos,

525 995 899 1076 Sesamum,
943 1017 1516 1087 papaveremque‚
1551 992 1897 1077 triticum,
1934 1004 2001 1059 et
2037 990 2264 1059 frictas
2300 990 2555 1059 nuceis.

527 1125 749 1173 acon.
787 1102 1052 1195 Ecquid
1087 1127 1314 1171 amare
1337 1100 1617 1171 videor?
1644 1126 1898 1175 mum.
1930 1104 2301 1186 Damnum,
2320 1099 2502 1194 quod
2516 1102 2687 1169 Mer·

820 1213 1046 1281 curius
1091 1214 1392 1282 minume
1428 1227 1635 1282 amat.

521 1344 744 1393 Acon.
777 1325 1123 1417 Namque,
1147 1321 1426 1418 edepol,
1463 1322 1726 1392 lucrum
1762 1345 1987 1392 amare
2020 1318 2286 1389 nullum
2314 1334 2681 1389 amatorem

818 1432 1118 1503 addecet.

2610 1455 2713 1493 115‘

525 1567 685 1613 ΑΝΤ.
720 1546 1010 1645 Εεωιιιε,ν
1043 1569 1192 1613 mea
1225 1568 1571 1638 germana.
1606 1566 1923 1613 ADELPH.
1958 1544 2103 1636 Age
2126 1594 2146 1625 ‚
2184 1540 2307 1623 sia,
2341 1554 2419 1609 ut
2453 1537 2677 1608 lubet:

819 1679 1095 1748 sequere
1132 1654 1277 1723 hae.
1319 1679 1483 1724 ΑΝΤ.
1522 1656 1805 1748 Sequor.

523 1784 741 1833 acon.
781 1766 968 1833 Eunt
999 1763 1104 1831 hae
1139 1788 1152 1831 :
1201 1762 1366 1856 quid
1405 1764 1459 1831 si
1493 1762 1859 1831 adeamus?
1889 1784 2140 1831 mmm.
2182 1760 2422 1832 AdeaS.
2463 1782 2681 1831 Acon.

809 1893 1121 1969 (Adelphasia)
1166 1875 1462 1943 Primum
1499 1874 1719 1968 prima
1752 1871 1929 1941 salva
1968 1872 2092 1941 sist

520 2002 814 2059 (Anser-stilio
843 1988 931 2054 Et
974 1985 1268 2055 secunda
1308 2000 1382 2054 tu
1428 1985 1723 2054 seeundo
1766 1983 1944 2055 salve
2000 1984 2071 2052 in
2126 1982 2343 2076 pretio
2378 2006 2395 2049 ε
2487 1999 2687 2056 (aucium)

827 2094 1024 2162 tertia

523 2199 716 2275 Salve
757 2218 944 2273 extra
980 2206 1298 2299 pretium.
1367 2230 1533 2277 Aue.
1606 2210 1824 2291 Tum,
1862 2202 2011 2298 pol,
2046 2227 2171 2297 ego
2216 2218 2285 2270 et
2337 2199 2559 2269 oleum
2616 2216 2683 2270 et
2740 2204 2747 2213 ’

825 2343 1100 2413 operam
1138 2319 1422 2414 perdidi.

580 2470 590 2478 .
611 2511 636 2546 1
653 2510 676 2545 1
691 2512 719 2546 2
731 2532 746 2546 .
767 2494 1066 2545 Later-culos.
1088 2494 1376 2547 Latet-culus
1394 2512 1566 2565 genus

525 2571 742 2643 pistorii
774 2573 980 2645 operis,
1010 2592 1037 2625 a
1071 2575 1244 2628 forma
1263 2614 1278 2639 ,
1307 2576 1364 2627 in
1395 2592 1561 2644 quam

523 2652 769 2722 fingitur,
788 2653 980 2707 vocati.
1011 2653 1098 2707 Sic
1116 2655 1281 2724 Apul.
1307 2654 1360 2705 X
1381 2672 1394 2706 ε
1432 2676 1453 2697 ·
1472 2654 1563 2706 hic

523 2749 692 2803 panes
710 2771 727 2798 ,
765 2733 1000 2786 crustula
1018 2773 1033 2795 ,
1070 2734 1390 2788 lucunculos
1410 2771 1425 2797 ,
1466 2733 1582 2785 ha·-

523 2829 673 2877 mos,
717 2812 1035 2865 laterculos:
1065 2814 1225 2884 plura
1253 2814 1565 2866 scitamenta

525 2890 732 2945 mellita
756 2917 806 2943 a.
831 2893 1050 2966 Tun„-

616 2970 750 3025 113.
783 2970 1058 3033 Sesamum,
1109 2984 1214 3025 etc.
1252 2971 1563 3037 sesamum,

524 3050 610 3103 vel
640 3050 944 3123 principem
968 3052 1148 3104 locum
1172 3052 1454 3105 obtinebat
1475 3053 1560 3104 in-

523 3142 607 3183 ter
631 3130 870 3184 bellaria.
899 3131 1224 3201 Papaverem
1254 3150 1473 3204 quoque
1494 3150 1561 3184 ex

526 3208 718 3263 eodem
737 3230 966 3264 numero
991 3210 1177 3276 fuisse,
1206 3224 1356 3282 patet
1378 3211 1464 3264 vel
1493 3230 1561 3263 ex

531 3290 789 3344 Petronio
839 3310 852 3343 ε
915 3316 938 3339 ι
965 3290 1204 3343 Mellitos
1266 3290 1562 3344 verborum

531 3370 810 3441 globulos,
849 3382 904 3423 et
931 3371 1114 3423 onmia
1143 3369 1286 3425 dicta
1314 3371 1561 3443 factaque

529 3462 786 3521 tanquam
808 3468 1082 3521 papavere*
1099 3463 1151 3502 et
1178 3468 1379 3503 sesamo
1408 3470 1560 3521 spar-

529 3547 585 3581 sa
605 3556 654 3583 ι.
686 3530 810 3583 Jam
833 3548 898 3581 ex
932 3529 1114 3583 tritico
1152 3530 1563 3601 multa-placen·

528 3620 706 3662 tarum
747 3627 940 3679 genera
979 3622 1034 3662 et
1071 3610 1200 3662 olim
1241 3609 1488 3675 fiebant„
1509 3622 1564 3662 et

529 3687 695 3742 hodie
720 3689 883 3751 fiunt3
906 3703 960 3743 et
987 3702 1048 3742 ut
1075 3688 1386 3761 amygdalae,
1409 3690 1486 3743 sic
1507 3701 1563 3741 et

527 3786 696 3822 nuces
734 3768 905 3821 frictae
933 3788 1000 3821 ex
1037 3770 1195 3823 melle
1224 3770 1278 3821 in
1315 3768 1565 3823 secundis

531 3848 729 3901 mensis
749 3848 1176 3919 apponebantur.
1197 3849 1286 3901 Sic
1307 3849 1454 3903 cicer
1475 3848 1565 3903 fri-

529 3940 707 3993 ctum,
735 3926 811 3981 sic
843 3927 1020 3979 fabam
1057 3929 1270 3982 frictam
1307 3948 1373 3981 ex
1401 3929 1561 3982 melle

531 4006 781 4063 edebant.
809 4007 1040 4061 Mumrr.
1078 4040 1157 4051 ——
1187 4010 1404 4063 Friceas.
1442 4008 1560 4062 Hoc

535 4107 565 4141 a.
573 4088 748 4157 frigo,
777 4090 835 4141 is.

614 4185 637 4218 1
655 4174 747 4229 14.
763 4168 1025 4221 Damnum.
1051 4170 1138 4223 Sic
1163 4167 1317 4221 fundi
1343 4169 1561 4223 calami-

1650 2505 1815 2547 tatem
1854 2512 2036 2547 servus
2076 2505 2235 2547 vocat
2272 2491 2499 2546 herilem
2550 2492 2683 2545 ami·

1650 2575 2046 2639 cam,Terent.
2084 2573 2334 2627 Eunuch.
2368 2575 2429 2636 Ι,
2490 2590 2542 2638 1,
2589 2573 2682 2638 34.

1651 2670 1733 2699 —a-
1782 2654 2069 2707 Mercurius.
2110 2653 2327 2723 Quippe
2377 2653 2473 2725 qui
2518 2654 2683 2705 lucris

1636 2747 1875 2805 praest,
1910 2746 1965 2786 et
2008 2745 2365 2785 mercatorum
2410 2730 2564 2787 deus.
2596 2732 2679 2786 Cf.

1652 2814 1897 2885 Amphit.
1923 2812 2135 2882 Prolog.
2166 2811 2289 2865 init.

1739 2912 1762 2945 1
1780 2894 1873 2947 15.
1918 2894 2173 2963 Namque,
2215 2890 2417 2961 edepol,
2468 2890 2683 2954 lucrum,

1650 2985 1755 3026 etc.
1788 2972 2078 3025 Amantem
2128 2972 2271 3024 enim
2320 2984 2539 3041 oportet
2573 2990 2685 3023 esse

1650 3053 1968 3105 munificum
1986 3090 2000 3116 ,
2024 3064 2189 3122 atque
2218 3049 2353 3104 adeo
2378 3052 2680 3121 profusum.

1650 3132 1904 3186 (ἔκοπτον.

1736 3232 1759 3265 1
1779 3216 1866 3263 16.
1898 3212 2043 3280 Age,
2072 3214 2169 3275 5115,
2194 3223 2249 3262 ue
2278 3209 2424 3263 lubet.
2447 3209 2679 3262 Locutio

1649 3292 2052 3345 consentientis.
2077 3293 2217 3364 Age,
2260 3309 2468 3355 eamus,
2510 3301 2571 3341 ut
2598 3290 2682 3341 lu-

1647 3372 1746 3425 bet
1759 3370 2059 3425 tibh-Sis.
2084 3370 2290 3441 Amph.
2312 3372 2359 3435 Ι,
2383 3390 2433 3435 1,
2463 3368 2587 3422 130.
2610 3368 2682 3421 N.

1737 3470 1759 3503 1
1777 3469 1867 3519 19.
1898 3470 2022 3517 Agtcc.
2055 3452 2105 3501 T
2103 3470 2197 3512 cem,
2217 3452 2321 3520 pol,
2346 3470 2437 3518 ego
2461 3460 2509 3500 et
2530 3449 2682 3501 oleam

1652 3543 1702 3583 et
1732 3550 1926 3601 oper-am
1955 3530 2171 3601 perdidi,
2192 3533 2272 3583 De
2300 3542 2491 3582 ornatu
2517 3528 2681 3579 intel-

1649 3612 1789 3682 ligo,
1826 3630 1935 3681 quo
1958 3628 2014 3663 se
2037 3612 2092 3663 in
2120 3611 2255 3663 festo
2285 3607 2532 3681 Aphrod.
2558 3626 2686 3677 pro-

1650 3692 1739 3743 cul
1777 3689 1948 3743 dubio
1991 3690 2181 3743 ancilla
2213 3709 2324 3742 non
2362 3689 2539 3741 minus
2573 3706 2682 3739 esse

1650 3770 1933 3842 pulchram
1957 3770 2159 3830 voluit,
2192 3788 2351 3841 quam
2382 3769 2529 3821 hera.
2549 3765 2683 3819 Ideo

1652 3850 1751 3913 ait,
1795 3850 1851 3901 si·
1891 3862 1999 3903 tam
2048 3860 2200 3902 extra
2252 3850 2484 3919 pretium
2532 3865 2647 3899 sum
2667 3884 2681 3903 ‚

1654 3948 1878 3999 operam
1900 3928 2144 4001 perdidi,
2173 3948 2340 3999 quum
2366 3947 2452 3981 me
2475 3926 2682 3980 ornavi.

1649 4009 1869 4063 szroa.
1888 4044 1970 4053 —
1999 4009 2360 4064 proverbialis
2384 4007 2589 4060 locutio
2612 4007 2681 4057 ab

1648 4090 1933 4160 opificibus
1956 4102 2126 4143 sumta
2142 4130 2158 4155 ,
2192 4090 2291 4160 qui·-
2316 4088 2388 4142 ad
2404 4088 2689 4140 lucernam

1648 4183 1961 4239 operantur.
1995 4160 2063 4221 N.
