3067 5017
583 384 735 469 508·
1233 385 2074 471 TRUCULENTUS‚

578 514 769 604 Opus
801 506 1049 577 nutrici
1087 522 1309 576 autem
1334 558 1353 594 ,
1388 521 1612 574 utrem
1642 522 1719 575 ut
1741 507 1984 576 habeat
2009 508 2248 576 veteris
2275 508 2414 578 vini
2436 507 2740 604 largiter,

574 621 675 687 Ut
728 617 869 687 dies
926 618 1311 711 nocteisque
1376 631 1596 710 potet3
1648 615 1865 711 opu’st
1921 618 2144 714 ligno,
2205 643 2376 712 opus
2435 635 2533 690 est
2581 647 2737 690 car-

872 727 1195 796 bonibus:

578 837 829 908 Fasciis
864 863 1033 931 opus
1066 853 1201 924 est,
1230 835 1564 930 pulvinis,
1603 838 1834 924 cunis,
1869 838 2342 909 incunabulis:

578 946 824 1017 Oleum
858 973 1029 1042 opus
1048 963 1177 1033 est,
1195 946 1413 1014 farina
1433 971 1645 1040 puero
1674 973 1844 1042 opus
1871 963 2002 1034 est,
2030 948 2249 1044 opu’st
2279 964 2498 1019 totum
2535 950 2734 1019 diem.

582 1060 949 1153 Nunquam
986 1058 1117 1127 hoc
1146 1075 1282 1126 uno
1320 1057 1429 1126 die
1466 1057 1814 1126 ecficiatur
1843 1084 2037 1153 opus,
2066 1061 2233 1154 quin
2269 1084 2438 1154 opus
2473 1086 2738 1155 semper

885 1169 1031 1238 siet.
2681 1193 2732 1230 ιε

576 1278 733 1346 Non
774 1279 953 1347 enim
997 1291 1279 1372 possunt
1322 1275 1667 1346 militat-eis
1708 1279 1901 1372 pueri
1943 1278 2204 1347 setanio
2245 1277 2536 1347 educier.

581 1412 821 1458 STRAT.
853 1390 1135 1483 Respice
1164 1382 1324 1481 ergo
1346 1440 1365 1474 ‚
1402 1388 1642 1482 adcipe
1680 1389 1845 1477 hoc,
1878 1387 1996 1484 qui
2038 1388 2208 1457 istuc
2241 1388 2500 1458 ecficias
2536 1413 2728 1484 opus·

878 1523 1045 1568 run.
1088 1497 1303 1583 Cedo,

577 1608 1005 1702 Quamquam
1046 1632 1285 1702 parum
1309 1606 1411 1676 'st.
1442 1633 1690 1678 srnA'r.
1721 1608 1980 1677 Addam
2013 1609 2265 1678 minam
2301 1609 2522 1679 adhuc
2546 1611 2734 1678 isteic

877 1731 1124 1812 postea.
1165 1742 1333 1788 PER.
1377 1721 1625 1788 Parum
1642 1719 1743 1786 'st.

584 1851 826 1897 STRAT.
860 1814 1009 1897 Tuo
1036 1827 1407 1912 arbitratu,
1436 1828 1618 1921 quod
1645 1827 1946 1922 jubebi5‚
1986 1827 2055 1897 id
2085 1827 2356 1896 dabitur
2376 1879 2395 1914 ‚
2427 1828 2512 1896 da
2549 1853 2732 1896 nunc

878 1963 1153 2006 savnum.

579 2070 742 2116 PHR.
784 2049 984 2116 Mitte
1025 2071 1176 2133 me,
1230 2047 1542 2140 inquam,
1575 2047 1864 2116 odiosus·
1909 2070 2154 2118 STRAT.
2208 2045 2394 2120 Nihil
2441 2047 2548 2136 fit3
2591 2073 2730 2116 non

874 2181 1067 2224 amor
1098 2183 1116 2236 3
1154 2158 1394 2225 teritur
1424 2156 1588 2226 dies,

580 2263 740 2334 Plus
777 2265 1005 2335 decem
1034 2267 1262 2360 pondo
1295 2268 1540 2336 amoris
1580 2267 1988 2363 pauxilisper
2025 2269 2306 2363 perdidi.

578 2398 745 2446 PER.
789 2376 1047 2469 Adcipe
1089 2377 1248 2464 hoc,
1302 2392 1507 2470 atque
1550 2378 1810 2446 auferto
1867 2380 2066 2451 intro.
2103 2403 2342 2450 STRAB.
2394 2379 2530 2450 Ubi
2579 2403 2728 2448 mea

873 2487 1177 2556 amica’st
1214 2486 1563 2582 gentium?

578 2719 715 2772 opus
740 2714 819 2754 est
848 2701 1002 2754 matri
1022 2741 1037 2766 ,
1068 2701 1119 2755 ei
1154 2702 1281 2754 item
1322 2721 1445 2773 quae
1474 2721 1610 2773 pue·

578 2799 699 2832 rum
735 2780 936 2834 lavit»:
966 2779 1111 2852 quod
1147 2795 1200 2834 et
1234 2780 1374 2834 vidit
1412 2783 1608 2834 Caseu-

575 2859 768 2913 bonus.
813 2861 1013 2913 Pueros
1050 2879 1237 2913 recens
1274 2874 1425 2914 natos
1466 2861 1608 2912 lava-

574 2939 702 2992 bant
735 2958 748 2992 :
782 2959 891 2992 non
944 2951 1155 3009 poterat
1210 2953 1385 2993 autem
1437 2951 1609 2996 mater

576 3019 776 3070 recenti
804 3020 982 3089 partui
1015 3016 1071 3070 id
1103 3034 1371 3088 praestare.
1396 3021 1475 3072 De
1498 3040 1608 3091 quo

574 3115 733 3148 nemo
760 3111 932 3167 potest
960 3096 1223 3151 dubitare.
1248 3101 1417 3152 Boxu.

668 3195 755 3228 12.
785 3177 954 3239 Poeet,
993 3178 1067 3229 uti
1094 3196 1167 3230 sc.
1192 3179 1329 3230 lacte
1354 3177 1608 3232 abundet.

662 3273 686 3308 1
701 3256 753 3308 3.
770 3255 1025 3309 Fasciis...
1048 3259 1364 3310 incunabulis.
1390 3259 1608 3311 Plautus

572 3337 679 3387 hoc
729 3335 849 3387 loco
902 3337 956 3388 in
1006 3337 1236 3389 infantili
1280 3338 1608 3408 supellectile

572 3414 951 3480 enumeranda,
974 3415 1153 3468 fascias
1174 3417 1241 3468 ab
1266 3417 1607 3470 incunabulis

578 3493 896 3564 distinguit:
936 3508 987 3547 et
1019 3496 1239 3548 fortasse
1280 3497 1453 3549 fascioe
1486 3511 1609 3550 sunt

574 3575 776 3643 quibus
796 3574 1203 3628 involvebantur
1224 3575 1449 3629 infantes
1467 3590 1517 3628 et
1541 3577 1604 3628 il-

570 3653 901 3723 ligabantur3
947 3655 1237 3706 incunabula
1268 3669 1445 3709 autem
1478 3676 1606 3726 pro-

574 3733 693 3802 prie
743 3735 855 3785 lora
893 3747 986 3786 aut
1022 3735 1265 3800 vincula,
1300 3737 1501 3807 quibus
1531 3735 1598 3790 ad

572 3829 733 3866 cunas
784 3813 1090 3882 ligabantur
1139 3833 1207 3866 ne
1267 3814 1594 3869 exciderent.

573 3893 837 3945 Samm—
859 3890 1001 3944 Vide
1015 3895 1211 3964 Amph.
1232 3896 1300 3959 V,
1329 3913 1379 3960 1,
1416 3895 1510 3948 52.

656 3979 744 4034 14.
790 3972 966 4022 Totum
1005 3973 1149 4026 diem.
1192 3973 1414 4045 Aliquid
1460 3993 1598 4046 opus

569 4062 649 4103 est
676 4067 888 4120 quaque
913 4051 1045 4104 hora
1074 4052 1199 4106 diei.

660 4133 747 4182 16.
772 4129 988 4183 Setanio.
1012 4133 1237 4186 Rectum
1264 4133 1448 4204 judico
1470 4147 1598 4186 seta-

1698 2705 1782 2755 m‘a
1829 2695 1938 2772 (vel
1983 2700 2194 2766 secanio)
2235 2703 2442 2756 edacior.
2479 2700 2731 2754 Setanium

1699 2784 1878 2846 enim,
1921 2795 2014 2835 aut
2057 2786 2268 2844 setania,
2321 2795 2440 2847 aut,
2483 2793 2544 2834 ut
2584 2781 2732 2853 apud

1698 2862 2069 2915 Dioscoridem
2087 2861 2575 2932 etTheophrastum
2596 2861 2734 2930 legi-

1697 2955 1786 2995 tur
1809 2945 2037 2996 sicaniam
2075 2941 2156 2995 vel
2195 2946 2377 2994 sicania
2393 2981 2409 3006 ‚
2431 2959 2596 3012 genus
2619 2959 2731 2994 me·

1698 3021 1823 3092 spili
1857 3037 1932 3075 est
1972 3023 2028 3074 in
2064 3022 2220 3073 Italia
2262 3023 2540 3092 frequens;
2572 3023 2729 3090 cujus

1703 3101 1888 3154 multis
1912 3098 2042 3153 locis
2067 3113 2120 3152 et
2145 3099 2288 3172 apud
2313 3101 2546 3152 Plinium
2579 3118 2731 3152 men-

1697 3181 1777 3232 tio
1811 3194 1903 3233 est.
1935 3181 2050 3232 Hoc
2079 3181 2245 3252 igitur
2268 3179 2402 3233 dicit
2425 3180 2676 3231 meretrix
2711 3201 2724 3230 ε

1695 3279 1806 3312 non
1838 3278 1991 3330 posse
2025 3261 2280 3332 militares
2307 3279 2501 3330 pueros
2529 3260 2729 3310 vilibus

1698 3352 1750 3391 et
1784 3339 1936 3409 parvi
1967 3340 2124 3409 pretii
2164 3340 2298 3392 cibis
2338 3338 2591 3391 educari:
2634 3357 2730 3392 cu·

1691 3417 1929 3490 jusmodi
1955 3429 2033 3470 est
2063 3421 2276 3472 setania.
2301 3420 2379 3471 Ac
2410 3420 2584 3470 nescio
2613 3433 2728 3488 quo

1696 3496 1859 3551 modo
1888 3497 2045 3550 durat
2075 3498 2342 3570 hodieque
2381 3496 2527 3568 apud
2560 3498 2728 3550 Italos

1692 3577 1836 3630 idem
1883 3576 2139 3651 lo‘quendi
2179 3597 2350 3647 genus
2381 3577 2435 3629 in
2475 3595 2726 3630 sermone

1691 3657 1836 3728 vulgi
1871 3676 1884 3708 ε
1937 3669 2018 3720 υτ,
2049 3657 2094 3710 si
2123 3659 2290 3709 multa
2321 3675 2381 3708 sc
2415 3675 2603 3726 magna
2639 3676 2728 3708 re-

1691 3737 1835 3807 quiri
1863 3735 1930 3788 ad
1957 3735 2160 3808 aliquid
2189 3734 2534 3790 efficiendum
2557 3735 2728 3805 signi-

1687 3817 1875 3880 ficent,
1920 3815 2101 3868 dicant
2151 3835 2165 3868 :
2227 3843 2249 3864 a
2287 3815 2456 3868 Aliud
2517 3814 2727 3884 requiri

1685 3915 1843 3966 quam
1863 3897 2082 3966 mespila
2106 3922 2152 3948 ι.
2181 3897 2274 3948 Est
2296 3908 2348 3948 et
2371 3913 2531 3964 caepae
2553 3912 2734 3964 genus

1688 3977 1900 4029 setania.
1931 3975 2160 4029 Mmus'r.

1775 4057 1861 4125 1'7.
1896 4055 2047 4119 Cedo,
2065 4053 2153 4108 da.

1773 4153 1862 4188 απ.
1890 4135 2096 4205 Adcipe.
2134 4133 2216 4188 Ad
2247 4131 2582 4204 Astaphium.
2623 4145 2630 4150 ·
