3067 5017
674 448 817 548 594
1447 452 1587 522 DE
1638 453 2057 522 PLAUTo

669 571 1042 644 multorum
1067 571 1394 643 sermonis
1421 586 1727 667 expertes
1745 597 1822 642 ea
1844 587 2082 643 tenent
2103 595 2366 668 semper
2380 625 2402 661 ,
2420 595 2570 668 quae
2600 576 2825 670 prima

671 681 1137 777 didicerunt),
1160 707 1306 756 eam
1341 683 1437 758 sic
1461 684 1699 772 audio,
1723 698 1801 754 ut
1827 683 2146 758 Plautum
2162 685 2333 754 mihi
2369 700 2487 755 aut
2500 687 2820 757 Naevium

673 794 899 864 videar
926 793 1178 864 audire.

803 992 996 1060 Imm
1033 1012 1173 1060 un.
1211 1011 1305 1058 mi
1343 990 1654 1060 Ruunt..
1688 1007 1886 1059 uun
1920 991 2360 1060 Aensrmun
2393 1011 2487 1058 m:
2530 990 2691 1059 ΟΠ.

1457 1122 1595 1168 mn.
1630 1101 1736 1187 ΙΙ,
1768 1122 1927 1170 οη.
1962 1123 2034 1196 9.

767 1286 899 1358 Sed
934 1285 1263 1357 Periclem
1292 1338 1314 1374 ,
1353 1309 1567 1380 quum
1598 1284 1741 1380 jam
1782 1309 1921 1356 suae
1968 1285 2225 1355 civitati
2270 1285 2564 1356 maxima
2598 1300 2837 1379 aucto-

675 1397 872 1468 ritate
919 1396 1251 1496 plurimos
1307 1418 1522 1468 annos
1565 1393 1751 1468 domi
1796 1411 1869 1466 et
1920 1393 2082 1468 belli
2128 1396 2503 1493 praefuisset
2522 1450 2542 1485 ‚
2582 1395 2832 1468 violari

676 1507 1011 1595 versibus.
1059 1520 1127 1577 et
1161 1530 1276 1577 eos
1309 1507 1414 1601 agi
1459 1507 1532 1576 in
1582 1531 1778 1576 scena
1827 1531 1967 1577 non
2022 1505 2175 1602 plus
2218 1505 2485 1595 decuit,
2522 1529 2731 1600 quam
2776 1505 2837 1575 si

676 1617 957 1690 Plautus
996 1634 1227 1689 noster
1267 1616 1591 1688 voluisset
1628 1629 1749 1688 aut
1784 1617 2053 1690 Naevius
2082 1619 2157 1688 P.
2197 1632 2267 1688 et
2301 1621 2431 1689 Cn.
2484 1617 2841 1713 Scipioni,

679 1727 985 1800 Caecilius
1021 1729 1121 1799 M.
1153 1729 1396 1798 Catoni
1434 1727 1854 1805 maledicere.

847 1934 1039 2002 lum
1060 1981 1081 2018 ,
1119 1932 1414 2002 Cuolm
1448 1934 1787 2018 Misomz,
1823 1953 1913 2000 nx
1948 1951 2277 2000 musnnu
2321 1951 2665 2000 pensorum.

781 2144 1004 2234 Quam
1045 2142 1376 2240 gaudebat
1412 2141 1604 2214 Bello
1638 2165 1762 2213 suo
1788 2141 2048 2216 Punico
2073 2137 2376 2215 Naevius!
2416 2165 2620 2238 quam
2650 2145 2847 2214 Tru-

686 2253 958 2325 culento
994 2251 1308 2325 Plautus!
1346 2277 1551 2348 quam
1586 2251 1951 2324 Pseudolo!

747 2468 974 2550 Imm,
1008 2467 1336 2534 Emsrot..
1383 2461 1641 2535 rma.
1681 2486 1818 2533 mn.
1860 2463 1964 2534 IX
2000 2467 2235 2536 Emsr.
2272 2488 2371 2535 An
2405 2465 2780 2537 Plenum

1620 2578 1915 2649 Ρετῑηι.

788 2751 920 2828 Sed
955 2767 1186 2826 tamen
1221 2753 1362 2850 ipse
1403 2755 1630 2826 Caesar
1664 2754 1869 2825 habet
1904 2779 2185 2852 peracre
2211 2755 2547 2851 judicium
2565 2810 2587 2845 ,
2621 2772 2725 2847 et,
2764 2775 2847 2832 ut

693 2865 963 2938 Servius
982 2918 1004 2954 ,
1043 2863 1248 2935 frater
1290 2879 1484 2956 tum,
1520 2887 1725 2962 quem
1769 2864 2301 2938 literatissimum
2338 2866 2539 2940 fuisse
2572 2867 2852 2962 judice,

693 2969 886 3047 facile
921 2973 1173 3046 diceret
1205 3001 1221 3046 ε
1258 2973 1388 3046 Hic
1431 3001 1661 3047 versus
1703 2974 1931 3048 Plauti
1962 3001 2103 3046 non
2148 2989 2280 3065 est,
2319 2976 2432 3048 hic
2468 2991 2611 3048 est:
2654 2978 2847 3087 quod

698 3087 890 3157 tritas
944 3086 1220 3157 haberet
1271 3093 1468 3156 aures
1525 3085 1846 3158 notandis
1902 3085 2262 3183 generibus
2319 3101 2670 3181 poetarum
2693 3141 2714 3176 ‚
2774 3101 2844 3158 et

689 3197 1172 3295 consuetudine
1215 3195 1479 3292 legendi
1510 3224 1526 3268 ε
1566 3197 1662 3268 sic
1696 3196 1900 3270 audio
1944 3201 2278 3272 Caesarem
2303 3248 2325 3284 ,
2362 3210 2492 3268 etc.

773 3407 1183 3476 Vomanus
1242 3409 1665 3494 Semerrus,
1720 3423 1821 3501 nn]
1859 3407 2113 3476 Potens
2166 3403 2499 3492 Comms,
2551 3427 2745 3476 Arm)

1215 3513 1562 3588 Genuum
1611 3537 1747 3588 mn.
1790 3519 1949 3602 XV,
1984 3537 2143 3589 cn.
2188 3517 2301 3604 24.

1012 3703 1240 3765 Multos
1263 3703 1524 3764 incertos
1556 3714 1788 3766 certare
1816 3703 1971 3766 hanc
2008 3723 2133 3764 rem
2159 3702 2446 3780 vidimus,

1005 3800 1266 3860 Palmam
1293 3812 1487 3878 poetae
1513 3800 1741 3859 comico
1772 3805 1868 3860 cui
1900 3799 2202 3875 deferant,

1004 3900 1156 3962 Eum
1181 3915 1314 3958 meo
1334 3895 1562 3976 ‚iudicio
1588 3914 1853 3958 errorem
1878 3895 2195 3960 dissolvam
2224 3895 2366 3970 tibi;

1003 3999 1120 4067 Ut,
1147 4006 1356 4054 contra
1382 3995 1432 4054 si
1461 3995 1595 4073 quis
1628 3995 1872 4069 sentiat,
1900 3994 1983 4054 nil
2016 3995 2247 4054 sentiat.

1009 4089 1244 4150 Caecilio
1277 4091 1532 4170 palmam
1561 4091 1754 4150 Statio
1780 4089 1861 4149 do
1888 4090 2135 4150 comico.

1005 4187 1247 4248 Plautus
1277 4187 1571 4250 eccundus
1614 4187 1786 4248 facile
1834 4200 2158 4274 exsuperat
2190 4199 2449 4247 eeteros.
