3067 5017
1020 500 1709 570 FRAGMENTA.

2301 500 2438 574 515

1108 710 1570 778 ARTAMON
1591 705 1644 775 ⁴³.

290 890 498 958 Nunc
540 887 705 955 mihi
742 885 898 954 licet
934 887 1198 979 quidvis
1234 887 1421 983 loqui
1452 915 1467 957 :
1514 914 1712 958 nemo
1751 889 1938 958 adest
1972 907 2326 984 superstes

290 1001 768 1093 Unguentum,
804 997 986 1091 quod
1022 997 1295 1066 naribus
1332 996 1710 1067 mulionum
1739 1013 2050 1068 nauteam
2087 998 2370 1071 fecisset.

375 1173 675 1233 ''Ar-tamon.
698 1179 899 1248 Fallor,
926 1199 993 1232 an
1026 1181 1201 1232 virum
1236 1199 1329 1233 oc-

1506 1199 1558 1233 1.
1591 1181 1740 1234 Nunc
1781 1183 1898 1234 mihi
1930 1185 2073 1250 licet,
2099 1198 2199 1239 etc.
2233 1205 2320 1258 ap.
2351 1186 2456 1240 Fe-

292 1272 553 1330 cupatum
601 1257 844 1323 induxit,
889 1272 952 1312 ut
990 1257 1063 1312 ita
1082 1259 1329 1340 ‘putaret
1419 1273 1564 1314 stum
1588 1280 1640 1314 v.
1664 1266 1939 1332 superstites
1966 1275 2124 1316 testes.
2156 1295 2238 1306 —
2263 1265 2447 1337 Super·-

294 1341 567 1396 Artemona
584 1379 599 1404 ‚
638 1338 784 1410 quod
824 1357 1065 1409 personae
1108 1341 1184 1392 ibi
1231 1359 1331 1393 no-

1416 1353 1535 1393 stes.
1571 1341 1730 1394 Conf.
1781 1342 1962 1396 Casin.
2007 1343 2110 1410 IV,
2159 1351 2227 1410 4,
2283 1365 2350 1410 ²,
2393 1359 2450 1399 et

292 1438 421 1472 men
459 1424 581 1472 est?
609 1420 848 1471 Pomm.
883 1449 962 1461 -·
995 1421 1077 1472 De
1106 1421 1329 1473 nomine
1416 1421 1640 1485 Trin.1‚
1667 1441 1720 1489 α,
1744 1438 1830 1489 19.

290 1498 607 1552 Artemona>
632 1497 755 1551 vide
787 1499 933 1552 Asin.
960 1500 1182 1552 nomina
1202 1519 1328 1571 per-

292 1597 575 1632 sonarum.
666 1641 671 1646 ι

589 1781 1040 1852 ASTRABA*
1091 1783 1429 1850 LATINE
1478 1783 2113 1854 CLITELLARIA.

292 1963 626 2053 Sequere,
688 1983 1007 2052 sequere,
1057 1959 1494 2054 Polybadisce
1547 1987 1562 2028 :

592 2069 931 2161 consequi.

1503 1519 1558 1552 2.
1586 1499 1896 1570 Unguentum
1919 1537 1936 1568 ,
1977 1513 2079 1556 etc.
2113 1521 2200 1574 ap.
2234 1503 2452 1559 Festum

1416 1597 1472 1633 v.
1520 1591 1784 1632 nauteam.-

2221 1889 2281 1944 b

1627 1985 1846 2029 meam
1894 1986 2081 2056 spem
2135 1977 2201 2032 te
2250 1969 2454 2061 cupio

297 2204 549 2251 Pomm.
585 2182 873 2272 Sequor,
900 2175 1125 2246 hercle
1148 2231 1166 2265 ,
1200 2178 1471 2272 quidem
1506 2203 1523 2247 ε
1558 2203 1713 2248 nam
1746 2177 2074 2267 lubenter,
2113 2207 2259 2250 mea
2305 2180 2452 2279 spe-

588 2304 729 2357 rata
760 2342 779 2376 ,
816 2312 1212 2382 consequor.

376 2488 631 2547 'Astraba
658 2491 972 2546 vehiculum
996 2502 1074 2544 est
1103 2489 1243 2560 παρὰ
1271 2471 1324 2544 rb'

294 2575 365 2645 μὴ
394 2576 676 2645 ςρὲφεσθαι,
702 2591 813 2644 quo
838 2572 997 2624 titulo
1028 2584 1082 2624 et
1105 2571 1323 2624 Plautus

295 2655 533 2708 fabulam
576 2652 877 2722 inscripsit,
906 2653 962 2702 in
997 2670 1101 2723 qua
1134 2652 1325 2703 mulie-

294 2753 381 2787 res
411 2734 467 2786 iu
494 2731 756 2804 ejusmodi
784 2732 1043 2784 vehiculis
1066 2729 1318 2784 inductae.

295 2815 504 2867 Probus
524 2815 579 2864 in
596 2814 703 2864 vita
719 2812 870 2881 Virg.
892 2811 1123 2864 Infinitis
1147 2829 1319 2881 prope

294 2894 428 2946 loics
460 2894 707 2944 Plautum
736 2893 791 2944 in
828 2892 1122 2943 Cistellaria
1157 2891 1321 2944 citant

296 2974 662 3044 grammatici3
722 2990 886 3041 quum
932 2985 1151 3034 tamen,
1199 2989 1318 3040 quae

294 3054 399 3124 ipsi
431 3051 705 3106 adducunt
733 3051 1031 3102 testimonia
1054 3090 1068 3114 ,
1111 3049 1318 3104 deside-

294 3147 481 3186 rentur
528 3133 584 3184 in
636 3151 731 3196 ea,
776 3149 893 3200 quae
939 3129 1103 3182 hodie
1152 3143 1320 3183 exstat

298 3215 410 3283 ejus
460 3213 698 3263 nominis
748 3210 943 3262 fabula.
996 3208 1157 3262 Unde
1206 3211 1321 3280 qui-

300 3290 424 3344 dam
476 3292 797 3354 Clitellaria,
838 3291 1177 3354 Sisennaria‚
1228 3303 1320 3343 aut

298 3372 479 3424 nescio
502 3371 637 3441 quid
668 3389 963 3441 nugarum,
992 3370 1319 3424 substituen-

301 3450 431 3503 dum
459 3453 730 3523 putarunt.
760 3449 864 3502 Sed
890 3469 1003 3502 non
1031 3451 1102 3503 ita
1129 3451 1323 3504 facien-

301 3530 429 3582 dum
470 3544 601 3584 erat.
649 3533 879 3583 Parvum
913 3528 1177 3582 mendum
1210 3544 1320 3595 est,

300 3610 447 3681 quod
476 3611 639 3682 hujus
673 3610 865 3663 fabulae
902 3609 1121 3662 titulum
1158 3629 1319 3662 occu-

300 3692 479 3761 pavitt
512 3709 633 3743 nam
670 3690 958 3744 Clitellaria
997 3707 1099 3758 pro
1134 3689 1323 3742 Cistel-

299 3770 429 3822 laria
476 3768 779 3841 legendum.
826 3768 1017 3824 Facilis
1054 3786 1181 3820 vero
1224 3770 1322 3821 fuit

301 3849 476 3920 lapsus
493 3890 509 3916 ,
543 3863 604 3902 ut
636 3851 696 3903 in
734 3849 1081 3904 Cistellariam
1110 3849 1324 3902 notissi-

302 3947 444 3982 mam
503 3930 738 3984 fabulam
802 3927 1167 4000 degeneraret.
1228 3929 1325 3981 Est

302 4020 479 4061 autem
534 4007 720 4062 eadem
780 4021 937 4079 atque
990 4026 1050 4061 ea
1074 4047 1091 4072 ,
1162 4025 1326 4079 qnam

304 4107 475 4157 graeco
502 4089 658 4142 titulo
684 4089 1023 4160 inscripserat
1040 4089 1325 4141 Astrabam.

304 4160 505 4239 Ᾱςρσίὅη
542 4170 689 4222 enim
720 4168 923 4220 clitella.
964 4168 1051 4222 Sic
1092 4167 1330 4222 invenies

304 4247 553 4301 eumdem
592 4249 838 4302 Plautum
882 4247 1195 4319 citatumjn
1239 4248 1330 4301 Li-

1415 2507 1584 2560 pargo
1626 2502 1680 2542 et
1727 2489 1966 2548 Parasito
1999 2490 2158 2561 pigro
2187 2511 2206 2548 :
2243 2496 2448 2552 Teren-

1412 2569 1549 2622 tium
1590 2569 1659 2622 in·
1688 2569 2344 2640 Heautontimorumeno,
2393 2591 2446 2630 et

1412 2648 1658 2720 Seipsum
1687 2649 2058 2712 excruciante,
2091 2663 2150 2702 ut
2177 2653 2324 2722 apud
2349 2656 2442 2708 Ci-

1410 2747 1660 2789 ceronem
1688 2748 1700 2781 :
1733 2730 2010 2784 Caecilium
2034 2731 2332 2800 Nauclem,
2355 2737 2440 2790 vel

1410 2810 1680 2862 Portitore
1713 2831 1724 2860 z
1768 2809 2113 2876 Obolostate,
2141 2812 2225 2864 vel
2253 2813 2440 2868 Foene-

1410 2901 1594 2942 ratore
1624 2907 1636 2939 ε
1669 2889 2078 2960 Harpazomene
2097 2931 2111 2954 ,
2135 2893 2220 2943 vel
2241 2895 2440 2965 Rapta,

1408 2969 1827 3038 Hypobolimaeo
1847 3010 1862 3033 ,
1882 2971 1964 3022 vel
1995 2969 2312 3025 Subdititio.
2335 2975 2439 3026 La·-

1410 3049 1620 3100 berium
1667 3050 1873 3119 Cropio
1901 3089 1915 3114 ,
1964 3049 2046 3101 vel
2092 3052 2388 3108 sarcularia
2423 3074 2437 3106 :

1409 3129 1746 3193 Belouistria‚
1768 3132 1852 3182 vel
1889 3129 2177 3199 Frugione,
2203 3131 2439 3202 Scylace,

1408 3209 1493 3260 vel
1533 3208 1818 3262 Catularia.
1860 3211 2228 3280 Pomponium
2266 3213 2438 3266 Hetae-

1405 3289 1543 3340 risca
1591 3289 1674 3340 vel
1740 3289 2064 3342 prostibulo.
2134 3292 2435 3346 Varronem

1410 3372 1700 3438 Κριομαχίᾳ
1718 3408 1733 3432 ,
1782 3369 1861 3421 vel
1922 3369 2158 3440 Caprino
2227 3373 2434 3441 proelio.

1411 3451 1631 3502 Smne.

1498 3549 1546 3582 1.
1567 3527 1804 3599 Sequere,
1838 3529 2176 3582 etc.Versum
2203 3530 2348 3584 hunc
2381 3546 2435 3584 et

1407 3621 1718 3679 sequentem
1755 3608 1993 3678 reperies
2031 3608 2176 3679 apud
2198 3611 2434 3666 Varron-

1409 3689 1471 3739 L.
1499 3689 1564 3741 L.
1587 3688 2165 3756 V,*7.---Polybadisce.
2201 3690 2434 3744 Nomina

1410 3768 1525 3819 adio
1557 3767 1928 3833 terminantia,
1957 3765 2026 3820 ad
2071 3769 2281 3822 libitum
2317 3786 2436 3824 mn-

1410 3849 1665 3902 tabantur
1681 3848 1736 3899 in
1762 3847 1971 3902 «discus.
2007 3849 2070 3900 E.
2095 3867 2175 3918 gr.
2201 3849 2404 3916 CistelL
2424 3896 2440 3918 ,

1409 3926 1708 3998 Lampadio
1733 3928 1839 3992 IV,
1865 3946 1916 3993 1,
1946 3930 1978 3979 6
1998 3965 2015 3992 ‚
2053 3927 2434 3999 Lampadiscus

1413 4007 1493 4072 11,
1518 4008 1551 4060 3
1571 4045 1588 4069 ,
1631 4026 1782 4060 2.-
1803 4007 1968 4060 Meam
1997 4027 2156 4078 spem,
2198 4021 2304 4064 etc..
2331 4013 2438 4066 Cu·

1414 4087 1509 4158 pio
1532 4100 1615 4151 te,
1667 4086 1760 4157 qui
1787 4105 1844 4140 es
1870 4105 1988 4140 mea
2015 4106 2136 4158 spes
2154 4127 2171 4153 ,
2220 4101 2272 4142 te
2303 4092 2436 4144 mihi

1415 4166 1615 4220 adesse.
1641 4167 1839 4236 Amph.
1867 4167 1971 4231 111,
2009 4191 2056 4232 ι,
2093 4187 2180 4221 20.
2207 4170 2274 4222 N.

1506 4267 1557 4300 2.
1587 4244 1812 4316 Sper-ata.
1845 4248 2038 4318 Amph.
2067 4249 2151 4313 11,
2185 4270 2236 4315 2,
2275 4257 2367 4320 44.

2093 4345 2202 4416 33.
