3067 5017
647 421 794 505 [μθ
1424 417 2033 500 ΤΒιΝυΜυε,

647 548 856 628 Nam,
901 540 1052 636 pol,
1101 539 1368 634 placido
1409 553 1476 606 te
1525 551 1593 606 et
1638 536 1949 608 clementi
1991 563 2143 608 meo
2186 565 2399 635 usque
2440 543 2680 633 modo,
2728 560 2806 614 ut

941 651 1163 738 volui,
1204 675 1362 720 usus
1403 647 1551 718 sum
1592 649 1658 716 in
1697 648 1854 719 alt0.

645 766 867 856 Atque
907 762 1078 830 banc
1131 776 1318 829 tuam
1372 758 1656 853 gloriam
1697 760 1839 852 jam
1894 773 2050 827 ante
2086 760 2364 830 auribus
2405 762 2803 858 adceperam

945 870 1283 967 gnobilem
1338 869 1521 965 apud
1561 869 1913 956 homines,

646 983 1064 1077 Pauperibus
1125 997 1191 1051 te
1243 1006 1515 1076 parcere
1574 979 1882 1062 solitum,
1939 979 2176 1048 divites
2230 981 2553 1054 damnare
2602 999 2807 1079 atque

946 1093 1240 1162 domare.

643 1205 810 1290 Abi,
842 1202 1084 1289 laud03
1121 1202 1246 1272 scis
1283 1198 1555 1286 ordine,
1596 1215 1675 1268 ut
1719 1198 2083 1293 aequom'st
2105 1255 2122 1282 ,

649 1321 965 1386 Tractare
1010 1313 1316 1382 homines
1349 1333 1384 1381 ε·
1414 1312 1544 1380 hoc
1584 1310 1685 1380 dis
1722 1310 2004 1406 dignum
2021 1310 2137 1397 ’st,
2184 1335 2447 1405 semper
2478 1312 2804 1383 mendicis

951 1423 1233 1492 modesti
1281 1424 1433 1491 sint.

652 1536 859 1606 Fidus
899 1535 1120 1620 fuisti;
1157 1533 1456 1602 infidum
1484 1557 1627 1601 esse
1663 1533 1909 1602 iterant
1950 1558 1965 1600 :
2017 1557 2172 1600 nam
2212 1531 2463 1626 absque
2495 1532 2669 1604 foret
2700 1549 2799 1622 te,

938 1660 1040 1714 sat
1076 1645 1238 1728 scio,
1275 1644 1342 1711 in
1387 1641 1525 1711 alto

645 1757 1130 1825 Distraxissent
1179 1753 1414 1847 disque
1455 1751 1764 1821 tulissent
1803 1749 2141 1821 satelliteis
2184 1752 2283 1819 tui
2325 1776 2431 1820 me
2475 1752 2806 1821 miserum

945 1864 1150 1949 foede,

650 1981 972 2070 Bonaque
1015 1973 1242 2043 omnia
1294 1972 1454 2041 item
1506 1995 1643 2040 una
1692 1995 1959 2040 mecum
2014 1972 2259 2065 passim
2314 1971 2629 2043 caeruleos
2680 1997 2829 2070 perx

944 2107 1238 2176 campos
2266 2087 2277 2104 '
2754 2105 2806 2144 1⁵

648 2198 751 2265 Ita
783 2195 924 2288 jam
970 2193 1160 2286 quasi
1213 2215 1444 2275 canes,
1485 2191 1669 2260 haud
1718 2215 1943 2280 secus,
1986 2193 2517 2262 circumstabant
2562 2217 2808 2262 navem

943 2302 1246 2371 turbines
1293 2301 1518 2370 venti:

648 2415 906 2484 Imbres
927 2414 1302 2506 fluctusque
1324 2426 1528 2506 atque
1556 2410 1864 2506 procellae
1889 2412 2162 2480 infensae
2190 2411 2497 2508 frangere
2526 2411 2809 2501 malum,

649 2532 872 2598 Ruere
911 2540 1275 2610 antennas,
1313 2522 1617 2592 scindere
1645 2509 1794 2592 vela
1818 2576 1837 2611 ‚
1875 2523 1945 2591 ni
1977 2538 2092 2592 tua
2130 2548 2259 2617 pax
2299 2524 2591 2619 propitia
2624 2523 2807 2592 foret

945 2648 1214 2728 praesto,
2639 2617 2645 2627 ¹

648 2751 881 2841 Apage
913 2769 1021 2812 me
1050 2798 1070 2832 ‚
1101 2744 1190 2812 sis
1217 2770 1233 2811 ε
1266 2742 1507 2811 deinde
1544 2741 1705 2812 hinc
1739 2741 2095 2813 certum’st
2121 2744 2261 2812 otio
2303 2768 2412 2812 me
2451 2743 2612 2813 dare
2643 2770 2660 2814 ε
2698 2769 2804 2813 sa-

939 2855 1024 2922 tis
1057 2869 1327 2946 partum
1369 2853 1607 2921 habe0.
2428 2925 2439 2936 ,

641 2967 910 3056 Quibus
947 2963 1260 3032 aerumnis
1297 2959 1670 3048 deluctavi‚
1711 2961 1851 3032 filio
1883 2962 2044 3058 dum
2080 2963 2347 3033 divitias
2378 2960 2633 3057 quaero!
2740 2997 2795 3024 ιο

729 3169 782 3218 9.
821 3145 1094 3200 Gnobilem.
1124 3144 1334 3215 Vulgo,
1380 3155 1431 3194 et
1481 3144 1679 3198 nobiles.
1779 3144 2155 3199 1.--Tarbine.s
2177 3150 2333 3202 venti.
2361 3145 2599 3211 Curc.V,
2624 3165 2677 3207 ει,
2708 3152 2809 3216 47.

643 3227 803 3282 Haud
830 3223 1038 3297 {iquido
1069 3241 1240 3277 sensu.
1270 3223 1549 3290 Nobilem,
1569 3225 1607 3276 i.
1629 3242 1677 3277 e.
1856 3226 1945 3278 18.
1996 3225 2169 3278 Ruere.
2213 3215 2566 3296 Ενεργητικῶς.
2604 3225 2808 3296 virgil.

639 3310 981 3362 celebratam.
1463 3321 1468 3326 ·
1769 3303 1970 3375 Georg.
1994 3306 2085 3358 11:
2116 3327 2139 3350 α
2164 3318 2219 3358 et
2250 3307 2362 3360 ruit
2387 3317 2555 3358 atram
2586 3303 2669 3358 Ad
2704 3323 2811 3358 cae-

734 3407 757 3441 1
776 3406 824 3440 1.
865 3385 988 3438 Abi.
1021 3383 1242 3436 Curcul.
1269 3383 1357 3448 ΙΙ,
1392 3403 1420 3436 2
1441 3421 1458 3448 ,
1505 3381 1561 3438 5.
1594 3415 1678 3426 --
1764 3383 1881 3438 lum
1900 3386 2101 3438 nubem
2120 3409 2168 3438 ιι.
2196 3387 2360 3439 Item:
2387 3388 2487 3437 mie
2503 3388 2664 3438 omnia
2678 3386 2802 3438 late.

648 3469 854 3522 Ordine.
871 3463 1082 3536 Captiv.
1108 3464 1200 3528 11,
1237 3464 1298 3527 3,
1341 3481 1425 3532 ¹7·
1493 3475 1496 3480 ·
1767 3462 1951 3516 Gnon.

729 3549 821 3601 13.
846 3543 1092 3597 Fidem...
1110 3547 1306 3594 iterant.
1351 3542 1508 3595 Licet
1552 3559 1679 3595 nar·
1855 3563 1945 3613 19.
1978 3545 2153 3614 Apage
2187 3563 2278 3598 me.
2322 3545 2409 3598 sic
2436 3544 2636 3598 habent
2663 3544 2806 3598 MSS

643 3640 766 3681 rent
795 3639 850 3678 te
876 3623 1132 3690 infidum,
1159 3635 1337 3675 tamen
1367 3620 1510 3674 fidus
1530 3622 1678 3676 fuisti
1766 3635 1821 3676 et
1843 3641 2031 3676 omnes
2059 3622 2181 3677 edd.
2209 3624 2399 3696 Neque
2425 3643 2497 3676 me
2524 3624 2581 3677 in
2611 3635 2657 3676 te
2680 3643 2807 3678 mu·-

643 3707 796 3761 mihi.
825 3707 908 3758 De
940 3705 1108 3757 verbo
1135 3705 1311 3755 iterare
1343 3700 1468 3755 vide
1499 3702 1675 3756 Casin.
1769 3702 1991 3756 tandum
2013 3715 2099 3756 est
2130 3723 2255 3756 cum
2286 3704 2548 3758 Acidalio·
2588 3705 2809 3776 Apage,

641 3789 712 3845 V,
763 3807 790 3839 2
815 3826 831 3850 ,
862 3785 914 3837 5.
937 3815 1020 3826 -—
1052 3783 1268 3855 Absque.
1293 3781 1453 3836 Conf.
1484 3783 1679 3836 Bacch.
1771 3783 1980 3854 inquit,
2020 3801 2107 3836 me
2152 3801 2195 3836 a⁴
2235 3796 2315 3851 te,
2354 3785 2643 3856 Neptune3
2693 3785 2807 3836 mei

649 3869 766 3931 111,
804 3865 834 3916 3
859 3904 876 3930 ‚
905 3867 958 3918 8.
1771 3881 2129 3936 meorumque
2154 3881 2283 3918 eum
2309 3863 2411 3918 tibi
2440 3865 2587 3918 nulla
2619 3863 2679 3915 in
2711 3881 2811 3934 po-

728 3951 818 4008 14.
847 3945 1032 4015 Dis-qtae
1081 3942 1329 4007 tulissent,
1376 3942 1557 3996 tmesis
1574 3980 1590 4007 ‚
1636 3954 1685 3993 et
1770 3955 1968 3996 stez-um
2004 3944 2090 3995 sit.
2120 3943 2259 3997 Satis
2284 3945 2475 3998 multas
2499 3943 2634 3996 mihi
2660 3941 2809 3996 divi-

645 4023 965 4078 dismlaeksem.
1772 4022 1871 4074 tias
1930 4025 2256 4093 comparavi.
2307 4027 2354 4075 A
2418 4025 2553 4077 mari
2602 4020 2805 4075 dehine

739 4108 828 4156 16.
861 4099 1104 4153 Tur-hines
1136 4105 1291 4154 venti.
1327 4102 1362 4154 J
1367 4102 1518 4154 unxit
1561 4119 1681 4172 spe·
1768 4102 2073 4156 abstinebo.
2114 4103 2277 4156 Nol-la
2306 4104 2435 4158 mihi
2478 4101 2673 4157 dehinc
2712 4119 2807 4155 res

647 4185 787 4238 ciem
815 4200 937 4236 cum
969 4199 1182 4250 genere.
1203 4179 1344 4234 Vide
1369 4182 1593 4236 Trucul.
1608 4183 1679 4240 V,
1771 4195 1946 4236 tecum
1976 4183 2095 4236 erit.
2120 4185 2289 4236 Boxu.
