3067 5017
889 422 1232 491 ACTUS
1283 424 1357 507 1,
1409 420 1750 494 SCENA
1797 423 1899 493 11.

2380 424 2473 495 23

315 544 472 616 Non
508 542 688 613 enim
731 556 956 637 potest
1005 559 1295 637 quaestus
1333 546 1727 631 consistere,
1770 546 1825 616 si
1858 570 2015 616 eum
2055 561 2315 617 sumtus
2358 572 2469 617 su-

609 667 841 746 perat,
895 678 1106 723 soror.

316 716 416 831 Eo
459 760 628 831 illud
664 762 856 831 satiu’
859 778 918 831 st
957 764 1114 831 satis
1153 762 1337 856 quod
1382 763 1543 832 satis
1588 777 1688 832 est
1729 764 1999 851 habitu,
2038 789 2239 859 quam
2284 764 2470 860 quod

606 870 759 967 plus
797 886 898 941 sat
933 887 1050 943 est.

2412 898 2470 951 75

313 1004 532 1052 Acon.
579 987 685 1052 Ita
724 1007 830 1050 me
869 982 937 1050 di
981 997 1251 1071 ament,
1298 998 1376 1051 ut
1421 982 1535 1053 illa
1576 1009 1683 1054 me
1722 1000 1899 1056 amet
1934 985 2206 1074 malim,
2261 1012 2467 1082 quam

606 1093 713 1180 di,
753 1091 1068 1187 Milphio,

309 1210 487 1279 Nam
533 1206 646 1276 illa
699 1206 944 1276 mulier
981 1206 1271 1303 lapidem
1306 1206 1565 1277 silicem
1603 1209 1956 1305 subigere,
2004 1226 2081 1281 ut
2130 1235 2201 1281 se
2250 1226 2465 1299 amet,

606 1332 851 1411 potest.

310 1450 564 1496 MILPH.
607 1426 768 1508 Pol,
807 1426 876 1495 id
912 1426 1187 1520 quidem
1224 1427 1409 1497 haud
1446 1429 1783 1498 mentire:
1820 1454 1975 1499 nam
2014 1446 2085 1499 tu
2124 1456 2193 1501 es
2244 1431 2466 1527 lapide

604 1536 786 1606 silice
827 1536 1126 1624 stultior,

307 1645 450 1734 Qui
498 1646 677 1715 hanc
715 1672 919 1715 ames,
962 1654 1178 1717 Acon.
1238 1650 1330 1716 At
1373 1646 1564 1735 vide,
1613 1648 1737 1733 εἰς,
1772 1674 1925 1718 cum
1969 1649 2083 1720 illa
2117 1676 2460 1748 nunquam

587 1756 826 1831 ,limavi
870 1773 1090 1850 caput.

279 1879 560 1935 nunu.
611 1870 898 1937 Curram
948 1866 1158 1962 igitur
1196 1865 1424 1960 aliquo
1476 1866 1562 1935 ad
1607 1868 1974 1961 piscinam,
2026 1885 2143 1939 aut
2205 1870 2465 1961 lacum,

599 1974 834 2045 limum
879 1992 1128 2069 petam.

2413 2003 2465 2041 80

305 2109 522 2157 Aaou.
561 2087 748 2178 Quid
783 2113 862 2155 eo
896 2086 1160 2181 opu'st?
1187 2108 1442 2155 MILPH.
1481 2088 1628 2181 Ego
1676 2087 1893 2157 dicam
1928 2112 1944 2155 :
1982 2102 2056 2157 ut
2096 2087 2192 2159 illi
2231 2106 2298 2159 et
2336 2089 2460 2159 tibi

600 2196 823 2266 limem
860 2212 1081 2293 caput.

388 2339 480 2405 74.
514 2334 816 2399 Consistere,
838 2347 1004 2400 stare,
1029 2334 1168 2388 bene
1195 2332 1332 2387 fieri.

388 2412 483 2483 75.
507 2414 592 2465 Eo
621 2413 776 2475 illud,
825 2427 928 2467 etc.
943 2414 1159 2484 Vulgo,
1193 2439 1216 2461 ι
1246 2414 1330 2466 Eo

300 2490 440 2545 illud
477 2494 682 2547 satiu'st
718 2493 844 2547 satis
881 2492 1028 2567 quod
1063 2494 1190 2545 satis
1227 2504 1336 2557 est,

301 2572 516 2627 habitus
543 2572 666 2643 plus
706 2592 866 2643 quam
904 2586 984 2627 sat
1029 2585 1108 2625 est
1141 2599 1164 2618 ι
1195 2612 1210 2638 ,
1252 2572 1336 2624 in-

303 2650 638 2705 tricatissima
668 2654 929 2706 sententia
947 2693 962 2717 ,
986 2671 1146 2725 quam
1173 2652 1332 2705 facile

299 2749 413 2783 non
463 2732 586 2785 satis
625 2732 950 2785 intellectam
1003 2732 1334 2803 transpositis

299 2810 482 2870 verbis
501 2812 709 2866 librarii
728 2813 1190 2866 conturbaverint.
1206 2811 1333 2865 Aci-

299 2889 502 2956 dalius,
547 2892 864 2955 Salmasius,
908 2893 1133 2956 Douza,
1179 2890 1333 2943 deui-

301 2989 406 3041 que
459 2961 685 3023 Bothius
743 2990 912 3041 pauca
960 2970 1332 3025 dissentientes

255 3093 261 3103 .
299 3049 460 3103 nobis
479 3063 730 3104 auctores
751 3053 932 3116 fuere,
960 3064 1022 3105 ut
1043 3051 1226 3106 locum
1250 3068 1334 3103 sa-

298 3148 574 3195 nummus,
597 3132 749 3201 cujus
786 3131 878 3184 hic
909 3149 1090 3183 sensus
1128 3149 1140 3182 τ
1186 3130 1332 3182 Illud

300 3210 427 3263 satis
454 3209 601 3279 quod
624 3230 751 3263 vere
773 3210 897 3264 satis
923 3223 1001 3263 est
1031 3209 1165 3262 mihi
1189 3208 1334 3263 vide-

301 3300 396 3342 tur
414 3282 580 3342 satius
601 3289 826 3357 habitu,
854 3307 1015 3361 quam
1042 3288 1192 3361 quod
1208 3289 1330 3360 plus

302 3386 467 3439 quam
511 3370 636 3423 satis
683 3383 782 3427 est
816 3370 1116 3434 Bothius,
1165 3370 1332 3423 «satis

303 3446 451 3518 quod
473 3450 602 3503 satis
623 3462 702 3501 est
723 3475 747 3496 ι
773 3489 788 3516 ,
825 3451 1086 3503 absonum
1115 3461 1328 3513 censet,

300 3527 560 3599 priusque
593 3528 760 3599 igitur
789 3528 1008 3584 delevit.
1052 3527 1158 3583 Sed
1190 3529 1334 3583 Gro-

300 3606 495 3660 novius
516 3606 652 3659 illud
672 3620 854 3663 tuetur
875 3628 889 3661 ε
924 3607 1244 3663 «interdum
1271 3610 1329 3661 ι’·ὀ

301 3689 426 3739 satis
463 3685 663 3740 minuit
692 3707 808 3741 rem
825 3728 842 3753 ‚
873 3701 928 3742 et
969 3701 1049 3741 est
1075 3686 1333 3760 quodam-

301 3763 474 3818 modo
501 3783 616 3818 non
642 3768 786 3821 satis.
818 3769 897 3821 Ut
928 3787 1096 3840 quum
1133 3768 1332 3823 Catoni

299 3843 371 3899 de
399 3846 480 3897 Re
514 3845 664 3900 Rust.
695 3865 814 3917 cap.
844 3866 867 3899 1
882 3848 976 3917 37,
1012 3848 1160 3900 bonus
1203 3849 1332 3900 locus

297 3937 380 3978 est
408 3924 647 3996 primus,
685 3930 806 3979 satis
843 3926 994 3979 bonus
1028 3925 1297 3981 secundus
1317 3965 1333 3991 ,

299 4002 428 4057 inde
452 4008 637 4059 tertius.
668 4006 856 4071 Quum
896 4004 1072 4059 eidem
1099 4019 1151 4059 et
1179 4007 1332 4059 Cice-

301 4084 430 4137 roni
459 4085 515 4137 in
543 4084 780 4139 secundo
809 4084 878 4139 de
914 4085 1124 4139 Officiis
1160 4097 1336 4139 extre-

303 4182 395 4219 mo
423 4192 444 4213 ·
463 4165 584 4247 satis
614 4168 755 4220 bene
786 4184 1004 4237 pascere
1027 4192 1049 4216 ι
1101 4177 1182 4219 est
1221 4184 1331 4227 non

1423 2343 1633 2387 tantum
1651 2372 1667 2400 ,
1716 2346 1975 2405 quantum
2027 2337 2169 2389 hene
2212 2354 2458 2408 pascere,

1422 2410 1516 2465 sed
1560 2411 1923 2481 mediocriter,
1973 2427 2035 2469 ut
2076 2415 2461 2485 interpretatur

1422 2492 1711 2547 Columell.
1737 2494 1890 2564 praef.
1923 2494 2022 2547 lib.
2046 2496 2146 2548 VI.
2174 2497 2243 2549 Et
2272 2494 2342 2549 ad
2358 2495 2459 2551 At.

1421 2570 1589 2625 ticum
1610 2612 1625 2637 ‚
1656 2574 1743 2637 11,
1776 2592 1863 2644 ep.
1890 2592 1957 2643 19
1976 2611 1991 2636 ,
2020 2579 2141 2627 satis
2173 2576 2314 2635 boni,
2344 2595 2461 2635 non

1421 2664 1530 2705 tam
1553 2652 1708 2704 *boni
1753 2672 1913 2721 quam
1953 2654 2083 2705 boni
2121 2654 2456 2724 simpliciter,

1421 2743 1476 2784 et
1513 2731 1572 2783 in
1623 2732 1707 2783 111
1756 2731 1827 2784 de
1871 2732 2023 2785 Orat.
2061 2752 2174 2788 ιι.
2162 2752 2175 2767 ·
2212 2734 2461 2791 «Orator

1419 2823 1502 2863 sat
1539 2811 1691 2868 bonus
1735 2811 1877 2871 intra
1910 2815 2173 2869 bonum»
2184 2815 2458 2869 ‚Intelli-

1417 2888 1697 2961 gendum'
1682 2890 1887 2961 igitur·
1916 2890 2112 2947 «Illud
2135 2897 2276 2957 satis,
2305 2894 2455 2965 quod

1419 2981 1527 3035 est,
1555 2988 1668 3023 non
1688 2970 1868 3023 minus
1886 2956 2047 3042 justo⁰
2048 3006 2067 3035 ‚
2092 2984 2154 3027 ut
2173 2972 2453 3026 interdum

1420 3062 1546 3120 est,
1560 3048 1655 3103 sed
1672 3054 1823 3113 satis,
1854 3050 1919 3105 id.
1938 3064 2057 3116 est,
2086 3053 2310 3113 omnino
2336 3054 2452 3107 suf.-

1418 3126 1650 3183 ficiens»
1664 3130 1771 3184 ..N

1503 3210 1596 3280 78.
1626 3210 1817 3281 Lapille
1846 3210 2237 3277 stutr.Mil.11,
2266 3232 2319 3277 a,
2354 3214 2449 3267 82.

1503 3290 1810 3359 79.L1'mam'
1834 3292 2237 3361 caput.L1‘mare
2268 3303 2445 3361 caput,

1419 3371 1745 3439 conjungere
1759 3409 1776 3434 ,
1798 3370 2016 3423 Nonius
2040 3370 2447 3441 interpretatur.

1419 3446 1526 3501 Sed
1572 3450 1863 3520 conjungere
1915 3468 1981 3515 ex
2035 3468 2100 3501 eo
2151 3450 2416 3522 significat
2435 3489 2452 3514 ,

1420 3525 1579 3599 quod
1598 3530 1692 3599 qui
1726 3542 1987 3583 amatores
2014 3547 2140 3582 cum
2168 3530 2342 3583 amica
2364 3550 2449 3585 ca·

1420 3619 1524 3678 put
1568 3609 1835 3679 jungunt,
1884 3622 2133 3679 tauquam
2177 3621 2361 3663 terunt
2394 3622 2448 3664 et

1417 3687 1611 3740 limant
1636 3706 1747 3741 sese
1780 3699 1971 3741 mutuo
2002 3687 2277 3754 fricando,
2312 3688 2447 3742 dum

1421 3768 1747 3821 osculantur.
1762 3770 1933 3821 Vetus
1967 3768 2101 3819 Lex.
2135 3773 2321 3821 sociare
2357 3788 2450 3823 ex-

1419 3846 1603 3917 plicat.
1634 3849 1825 3900 Τΰιιιι.

1458 3952 1464 3959 ·
1501 3927 1594 3980 81.
1638 3926 1705 3978 Ut
1740 3927 1817 3979 illi
1842 3926 1999 3978 limem
2027 3939 2190 3997 caput.
2222 3928 2448 3981 Jocatur

1421 4025 1485 4062 ex
1508 4006 1785 4076 ambiguo,
1818 4006 1965 4077 quasi
1994 4007 2365 4077 Agorastocles
2390 4009 2451 4059 Ιί-

1423 4104 1587 4151 mare,
1631 4103 1731 4157 pro
1774 4086 1905 4138 limo
1932 4086 2215 4157 inquinare
2245 4100 2299 4139 et
2324 4105 2455 4141 con-

1425 4184 1679 4235 spurcare
1705 4166 2008 4237 accepisset.
