3067 5017
986 399 1322 467 ACTUS
1366 400 1432 484 1,
1488 400 1823 469 SCENA
1882 402 1977 467 11.

2421 397 2559 496 377

416 521 557 609 Qui
594 519 867 588 illorum
916 521 1135 587 verbis
1180 517 1360 588 falsis
1399 519 1721 615 adceptor
1755 521 1851 588 fui
1882 545 1897 588 ε

417 632 557 720 Qui
596 631 823 698 omnia
861 655 928 698 se
967 627 1282 698 simulant
1321 631 1524 718 scire,
1572 657 1697 715 nec
1740 630 2109 724 quidquam
2159 630 2401 699 sciunt.
2436 670 2442 686 ·

417 741 621 828 Quod
653 741 936 835 quisque
971 741 1042 808 in
1081 741 1305 808 animo
1339 741 1578 829 habet,
1612 758 1731 810 aut
1772 741 2123 810 habiturus
2158 755 2291 823 est,
2320 741 2560 809 sciunt.

419 853 650 921 Sciunt
689 851 798 933 id,
831 851 1012 945 quod
1046 852 1114 919 in
1153 876 1384 919 aurem
1428 877 1543 920 rex
1582 853 1826 946 reginae
1868 851 2151 935 dixerit3
2490 885 2571 923 170

417 963 654 1032 Sciunt
686 962 796 1050 id,
834 961 1018 1054 quod
1053 965 1244 1030 Juno-
1266 960 1561 1030 fabulata
1590 977 1689 1030 est
1729 986 1885 1030 cum
1924 965 2125 1046 Jove;

418 1074 588 1161 Quae
624 1097 838 1168 neque
880 1072 1144 1160 futura,
1194 1097 1417 1168 neque
1459 1072 1672 1158 facta,
1712 1071 1810 1139 illi
1848 1085 2073 1139 tamen
2108 1071 2348 1138 sciunt.

416 1181 678 1252 Falson’
705 1208 790 1251 an
835 1209 996 1252 vero
1033 1181 1344 1268 laudent,
1386 1183 1695 1278 culpent,
1732 1209 1932 1275 quem
1970 1180 2209 1267 velint,

416 1297 576 1364 Non
612 1295 804 1363 flocci
850 1292 1141 1380 faciunt3
1175 1291 1340 1361 dum
1376 1291 1545 1362 illud
1568 1347 1586 1380 ,
1614 1293 1799 1386 quod
1832 1291 2099 1378 lubeat,
2132 1293 2363 1360 sciant.

385 1404 694 1472 ‘Omneis
738 1401 1078 1472 mot-taleis
1113 1404 1296 1471 hunc
1333 1404 1566 1472 aibant
1606 1401 1984 1474 Calliclem*
2372 1441 2378 1446 ’
2488 1420 2561 1473 17⁵

415 1513 782 1608 Indignum
820 1515 1087 1582 civitate
1131 1514 1258 1582 hac
1301 1539 1442 1582 esse
1475 1530 1541 1581 et
1585 1515 1845 1597 vivere,

415 1625 618 1693 Bonis
659 1625 780 1717 qui
815 1625 998 1694 hunc
1035 1624 1524 1693 adulescentem
1564 1625 1910 1692 evortisset
1946 1624 2104 1692 suis,

416 1738 562 1829 Ego
597 1735 678 1804 de
721 1761 952 1803 eorum
989 1735 1208 1804 verbis
1246 1719 1801 1828 famigeratorum,
1833 1733 2083 1801 inscius

417 1845 704 1914 Prosilui
745 1846 1036 1914 amicum
1075 1845 1471 1940 castigatum
1511 1845 1887 1912 innoxium.

420 1954 623 2041 Quod
666 1957 721 2023 si
755 1957 1142 2048 exquiratur
1179 1979 1389 2048 usque
1426 1955 1510 2022 ab
1551 1957 1760 2050 stirpe
1800 1953 2204 2040 auctoritaS,
2488 1971 2569 2008 180

416 2066 618 2136 Unde
653 2067 979 2160 quidquid
1020 2067 1323 2135 auditum
1369 2067 1636 2153 dicant,
1680 2066 1807 2134 nisi
1846 2065 1916 2132 id
1955 2064 2308 2158 adpareat,

418 2177 902 2270 Famigeratori
947 2201 1054 2246 res
1095 2178 1183 2245 sit
1219 2203 1374 2246 cum
1407 2177 1655 2245 damno
1690 2192 1759 2245 et
1800 2175 2023 2244 malo:

508 2370 636 2437 167.
671 2369 936 2438 Adceptor,
962 2367 1019 2420 id
1044 2381 1121 2420 est
1137 2408 1153 2434 ,
1180 2367 1448 2440 adproba-

418 2459 521 2500 tor.
549 2446 734 2501 LAMR.

357 2518 360 2522 Δ
512 2528 640 2579 168.
672 2529 775 2596 Qui
799 2530 960 2578 omnia
985 2548 1036 2578 se
1055 2528 1288 2580 simulant
1303 2567 1318 2590 ‚
1345 2540 1446 2580 etc.

419 2605 530 2658 Vix
592 2621 723 2678 puto
783 2606 1079 2678 quidquam
1133 2606 1202 2659 de
1251 2611 1451 2659 curiosis

419 2688 747 2758 ἐνεργέστερον
779 2687 1016 2757 potuisse
1040 2685 1162 2740 dici.
1198 2687 1369 2739 Simul
1397 2703 1450 2739 et

417 2765 554 2818 illud
599 2765 930 2831 notandum,
967 2766 1116 2837 quod
1145 2769 1222 2820 ait
1257 2765 1323 2818 de
1355 2768 1454 2819 Ju-

418 2846 574 2898 nonis
608 2864 728 2898 cum
775 2848 911 2900 Jove
947 2847 1241 2918 colloquio,
1286 2847 1342 2899 in
1386 2866 1450 2898 eo

419 2923 487 2977 ad
517 2926 795 2978 Theocriti
820 2945 1026 2978 versum
1056 2926 1122 2979 de
1147 2927 1451 2980 curiositate

418 3006 703 3059 mulierum
719 3005 892 3058 videri
913 3007 1160 3059 Plautum
1181 3006 1413 3058 allusisse
1437 3026 1450 3057 τ

422 3087 604 3138 Πάντα
639 3091 862 3157 γυναῖκςς
888 3087 1084 3150 ἴσαντι,
1115 3085 1199 3139 καὶ
1234 3089 1296 3147 ὡς
1333 3087 1450 3147 Ζεὺς

420 3167 625 3236 ἠγάγεθ’
649 3157 794 3238 {lpum
822 3167 1069 3219 Cursum.

507 3263 632 3314 170.
671 3247 778 3298 Rex
828 3250 1028 3316 reginae.
1079 3244 1256 3300 Credo
1302 3246 1450 3298 hunc

420 3342 629 3376 versum
660 3343 690 3377 e
721 3345 894 3396 graeco
934 3325 1282 3398 descriptum.
1324 3326 1452 3378 Phi-

419 3404 563 3456 lemo
583 3405 810 3474 scripsit,
833 3424 942 3475 quo
968 3417 1206 3474 tempore
1227 3405 1450 3458 Athenis

421 3501 546 3534 cum
585 3485 802 3555 regibus
835 3486 1018 3537 crebra
1051 3504 1136 3538 res
1173 3497 1304 3538 erat.
1333 3487 1450 3537 Hoc

418 3561 569 3627 loen,
599 3576 656 3616 ut
680 3566 894 3632 opinor,
936 3583 1034 3616 rex
1077 3583 1186 3617 non
1231 3564 1454 3636 opulen-

420 3653 534 3693 tum
585 3644 880 3714 quemlibet
928 3643 1204 3696 hominem
1252 3644 1452 3714 signifi-

420 3722 648 3788 caverit,
677 3723 780 3775 nisi
813 3723 916 3774 hoc
956 3743 1140 3776 versus
1181 3725 1451 3795 sequentis

419 3801 677 3870 glossema
709 3803 1000 3877 irrepserit.
1035 3804 1102 3856 N.

509 3899 636 3950 172.
677 3883 845 3954 Neque
876 3883 1052 3950 facta,
1103 3895 1203 3935 etc.
1234 3883 1448 3953 Vulgo,

427 3987 450 4008 ι
481 3979 658 4032 neque
707 3963 843 4015 facta
894 3976 1018 4015 sunt
1040 4001 1056 4026 ‚
1128 3975 1306 4014 tamen
1370 3964 1447 4014 illi

419 4041 596 4094 sciunt
621 4068 642 4088 ι
663 4081 680 4107 ,
711 4043 1048 4094 inconcinne.
1069 4040 1296 4094 Bothius
1321 4043 1449 4095 scri-

422 4120 501 4171 bit
526 4143 537 4172 :
579 4147 600 4168 ιι
621 4140 794 4192 neque
815 4123 966 4188 facta,
981 4123 1060 4174 illi
1084 4135 1188 4175 tam
1208 4123 1416 4176 sciunt»
1430 4159 1444 4174 .

1535 2371 1803 2422 Malumus
1831 2381 1990 2419 tamen
2014 2366 2441 2439 monosyllabum
2458 2405 2475 2432 ,
2510 2381 2570 2420 ut

1540 2467 1677 2520 saepe
1706 2449 1783 2501 fit.
1818 2449 1887 2500 N.

1626 2547 1648 2580 1
1664 2531 1750 2582 80.
1789 2529 1948 2600 Usque
1984 2527 2047 2578 ab
2092 2531 2238 2597 stirpe
2278 2531 2567 2592 ,auctor-itas.

1535 2608 1653 2661 Hoc
1680 2619 1783 2668 est,
1802 2609 2011 2678 primus
2036 2620 2245 2659 auctor.
2275 2607 2465 2659 Cicero
2494 2607 2566 2659 de

1536 2688 1719 2742 Divin.
1746 2687 1840 2739 lib.
1868 2689 1896 2740 Ι
1926 2708 1940 2737 :
1971 2713 1993 2733 ι
2018 2687 2293 2758 Principio
2326 2686 2567 2757 Assyrii,

1535 2781 1598 2820 ut
1638 2769 1705 2819 ab
1742 2767 1946 2820 ultimis
1990 2767 2358 2819 auctoritatem
2410 2785 2567 2835 repe-

1535 2861 1674 2910 tam,
1707 2847 2061 2900 observarunt
2089 2871 2137 2896 ι.
2182 2847 2267 2899 Ab
2292 2849 2472 2916 stirpe,
2507 2859 2569 2898 ut

1509 2927 1681 2999 ¹apud
1714 2928 2032 2981 Ciceronem
2069 2925 2131 2976 ab
2158 2930 2307 2996 stirpe
2340 2929 2563 2986 interire,

1535 3007 1681 3078 apud
1719 3007 1957 3059 Gellium
2004 3005 2066 3056 ab
2102 3010 2251 3076 stirpe
2291 3005 2566 3058 convellere.

1539 3088 1725 3140 Gnon.

1622 3170 1753 3221 181.
1784 3166 2069 3238 Quidquid,
2098 3163 2362 3236 quidque.
2400 3163 2456 3215 Si
2484 3183 2571 3216 ex-

1534 3247 1778 3318 quiratur
1802 3259 2006 3309 auctor,
2040 3244 2184 3296 unde
2211 3243 2451 3316 quidque
2476 3263 2571 3295 au-

1535 3327 1801 3389 diverint,
1848 3324 1997 3398 quod
2026 3324 2230 3389 dicant,
2263 3338 2317 3377 et
2358 3325 2463 3376 nisi
2508 3320 2566 3375 id

1533 3419 1875 3477 compertum
1908 3406 1992 3458 sit.

1624 3489 1749 3540 182.
1792 3486 2155 3555 Famt‘geratori
2206 3504 2302 3535 res.
2332 3486 2398 3534 sit
2444 3501 2567 3532 cum.

1533 3565 1807 3619 Usitatum
1849 3564 2105 3636 loquendi
2144 3582 2339 3634 genus,
2372 3564 2427 3614 in
2460 3562 2570 3614 liti-

1533 3647 1636 3699 bus
1663 3659 1716 3698 et
1739 3644 1953 3717 judiciis
1981 3644 2239 3707 maxime,
2266 3669 2287 3688 α
2312 3645 2413 3694 Res
2436 3641 2571 3693 mihi

1534 3745 1659 3778 cum
1686 3745 1751 3778 eo
1781 3737 1857 3777 est
1880 3751 1931 3778 n.
1959 3725 2041 3783 De
2070 3723 2265 3794 quibus
2298 3722 2387 3776 hic
2418 3722 2575 3772 Plau·

1535 3817 1619 3857 tus
1638 3824 1804 3874 quum
1820 3817 2021 3874 ageret,
2037 3803 2369 3855 occasionem
2388 3802 2576 3854 sumsit

1535 3884 1853 3954 lepidissimi
1883 3883 2021 3952 joci,
2071 3884 2220 3933 «Res
2264 3901 2385 3934 cum
2432 3881 2571 3932 malo

1535 3964 1586 4015 ei
1618 3964 1685 4015 sit
1703 3991 1727 4010 ι,
1754 3981 1768 4015 :
1800 3983 1900 4034 pro
1940 3981 2049 4033 quo
2081 3962 2267 4014 usitate
2314 3961 2571 4024 dicimus,

1544 4069 1567 4090 ι
1602 4044 1806 4096 Malum
1835 4043 2027 4095 habeat
2048 4068 2097 4092 a.
2119 4043 2171 4094 J.
2204 4043 2347 4094 Gur..
2367 4073 2449 4083 --
2470 4041 2575 4091 Fa-

1535 4127 1818 4191 mt‘geratori
1838 4143 1912 4175 res
1928 4127 2009 4176 sit.
2033 4122 2171 4177 MSS
2186 4161 2201 4186 ,
2231 4123 2575 4190 Famigerator
