3067 5017
1642 219 1655 250 Ι

331 456 600 482 mm
608 455 1528 490 mmmffifflfl‘mmmmm
1531 463 1899 484 mmm
1903 463 2360 490 mmmm
2366 473 2455 492 m

757 716 1252 826 ACTUS
1320 720 2013 831 TERTIUS.

897 1186 1340 1289 SCENA
1415 1189 1891 1279 PRIMA.

731 1387 1482 1502 MANDROGERUS,
1533 1415 2059 1504 QUEROLUS.

325 1670 606 1726 insumi.
629 1604 968 1724 DEPomz
982 1653 1066 1722 ab
1090 1652 1390 1724 humeris
1407 1703 1426 1740 ,
1444 1651 1771 1778 Querole,
1786 1655 2050 1750 pondus
2070 1672 2203 1728 tam
2228 1670 2465 1758 grave:

321 1765 730 1837 satisfactum
771 1777 872 1834 est
907 1763 1216 1892 religioni
1258 1763 1442 1857 quod
1478 1778 1623 1833 tute
1663 1765 1805 1866 ipse
1838 1763 2079 1836 malam
2120 1768 2464 1845 fortunam

323 1877 604 1972 portasti
641 1875 840 1943 foras.
895 1897 1104 1957 QUER.
1161 1879 1225 1946 O
1261 1861 1797 1981 Mandrogerus,
1829 1873 2071 1967 fateor,
2116 1901 2463 1976 nunquam

321 1985 468 2056 fieri
510 2009 704 2080 posse
745 1984 874 2053 hoc
929 1983 1243 2053 credidi·
1289 1985 1659 2077 potentiam
1714 1999 1899 2054 tuam
1954 2002 2019 2056 et
2070 1987 2463 2086 religionem

323 2096 468 2190 ipsa
505 2119 610 2164 res
646 2095 953 2190 probat:
1003 2091 1232 2162 arcula
1268 2093 1447 2162 istaee
1481 2094 1881 2187 jamdudum
1923 2122 1961 2166 a
2006 2119 2113 2170 me
2149 2098 2495 2177 inti-olata.

279 2275 287 2288 ,
321 2220 481 2276 est:
513 2228 734 2298 quam
771 2201 932 2272 levis
958 2202 1125 2270 mihi
1164 2201 1289 2270 soli
1339 2202 1490 2289 fuit,
1527 2217 1596 2272 et
1632 2225 1817 2274 nunc
1858 2231 2060 2300 quam
2102 2215 2323 2314 gravis
2360 2233 2461 2287 est

322 2313 630 2384 duobus?
659 2323 935 2383 Mmmi.
963 2311 1200 2382 Nescis
1229 2310 1407 2414 nihil
1439 2319 1581 2380 esse
1616 2314 1884 2406 gravius
1920 2309 2193 2391 fortuna
2232 2324 2446 2396 mala
2432 2327 2461 2380 τι

322 2448 536 2508 QUER.
558 2421 835 2517 Edepol,
862 2423 1022 2491 novi
1049 2438 1117 2492 et
1149 2423 1770 2493 scio.MA1v1>-11.Dii
1802 2438 1867 2492 te
1895 2445 2199 2518 servent,
2225 2431 2452 2506 homo.

319 2534 556 2605 Mihi
537 2532 664 2628 ipsi
702 2533 832 2602 hoe
865 2548 1110 2627 praeter
1144 2558 1329 2628 spem
1363 2533 1549 2601 venit
1564 2531 1791 2626 ,quod
1824 2557 1928 2602 me
1965 2531 2193 2607 laudas
2228 2543 2454 2614 modo,

319 2642 588 2715 Nullam
629 2667 927 2736 unquam
973 2642 1250 2711 domum
1291 2643 1386 2711 sie
1435 2641 1861 2736 purificatam
1901 2644 2155 2714 retineo
2201 2673 2217 2716 z
2266 2639 2458 2744 quid·
2462 2669 2467 2676 ’

313 2755 484 2850 ‚quid
543 2769 686 2824 erat
749 2752 1142 2824 calamitatis
1203 2753 1681 2848 egestatisque,
1745 2751 2162 2826 inclusimus.
2236 2783 2452 2842 QUER

318 2867 556 2953 Miror,
583 2861 846 2951 hercle,
871 2863 1050 2934 unde
1087 2864 1371 2960 pondus,
1413 2866 2043 2934 MANDR.Enarra1-i
2077 2867 2299 2938 subito
2326 2871 2459 2942 hoc

323 2987 458 3044 non
502 2989 742 3070 potest.
791 2977 1125 3046 Caeterum
1173 2972 1364 3043 solet
1395 2973 1709 3061 evenire,
1764 2989 1839 3042 ut
1892 2975 2071 3046 istaee
2112 2977 2454 3052 calamitas

318 3086 570 3155 moveri
605 3083 834 3154 multis
871 3111 1010 3154 non
1042 3085 1252 3180 possit
1279 3084 1481 3178 jugis.
1517 3086 1666 3153 Jam
1718 3084 1915 3155 istinc
1961 3109 2123 3182 ergo
2160 3076 2453 3182 ministri

319 3219 502 3265 nunc
539 3195 672 3264 mei
707 3193 995 3264 lustrum
1021 3195 1200 3264 istud
1238 3195 1308 3262 in
1337 3193 1581 3264 fluvios
1616 3193 1894 3266 dabunt.
1930 3199 2037 3270 Tu
2064 3213 2288 3270 autem'
2314 3227 2455 3272 mo-

321 3307 503 3390 nita,
541 3327 704 3400 quae·
712 3305 854 3397 jam
882 3331 1064 3386 nunc
1099 3305 1307 3392 dabo,
1342 3305 1643 3374 sensibus
1676 3304 1826 3374 imis
1858 3327 2041 3402 cape.
2094 3309 2281 3380 Mala
2315 3312 2455 3382 haec

318 3415 588 3485 fortuna
607 3466 626 3500 ,
655 3437 857 3507 quam
885 3413 1316 3502 abstulimus,
1361 3413 1577 3483 redire
1604 3415 1889 3484 tentabit
1915 3416 2211 3488 domum‘.
2240 3442 2452 3503 QUER.

319 3527 462 3598 Nec
491 3523 606 3594 Dii
644 3524 870 3593 sinant
899 3549 914 3592 z
951 3547 1091 3592 una·
1119 3525 1205 3592 sit
1239 3522 1336 3592 illi
1365 3525 1544 3593 istaec
1571 3537 1640 3591 et
1670 3539 1995 3618 perpetua
2024 3525 2149 3595 via.
2178 3552 2453 3602 MANDR.

317 3634 570 3706 Triduo
596 3657 760 3726 ergo
786 3633 956 3703 istuc
986 3631 1360 3727 periculum
1395 3633 1518 3720 tibi
1554 3645 1688 3719 est,
1719 3657 1805 3701 ne
1841 3633 1982 3702 haec
2012 3633 2097 3702 ad
2130 3649 2196 3702 te
2236 3636 2455 3708 redire

242 3791 248 3795 -
319 3758 532 3814 tentet
589 3767 691 3811 res
733 3737 930 3812 mala.
987 3741 1094 3812 Tu
1154 3739 1360 3836 igitur
1409 3741 1720 3811 universo
1794 3743 1925 3812 hoc
1987 3743 2215 3814 triduo
2269 3746 2453 3818 domi
2562 3816 2567 3822 .

318 3852 583 3922 clausus
618 3864 760 3920 esto
795 3865 1108 3936 nocte—ac
1138 3850 1266 3921 die.
1327 3850 1514 3922 Nihil
1562 3851 1649 3920 de*
1691 3851 1893 3921 domo
1918 3867 2044 3924 ‘tua
2071 3853 2234 3926 foris
2272 3883 2457 3931 nune

245 4021 256 4026 -
319 3963 577 4032 dederis
598 4016 619 4050 ,
651 3959 953 4055 nihilque
997 3963 1172 4032 intra
1208 3961 1378 4032 aedes
1413 3961 1694 4054 recipias
1723 3986 1738 4030 :
1776 3961 2067 4049 vicinos,
2098 3981 2457 4058 cognatos,

319 4075 571 4144 amicos
607 4071 867 4140 omneis
911 4087 1233 4167 tanquam
1276 4071 1592 4167 profanos
1640 4094 1918 4164 respue:
1956 4070 2303 4165 ipsamque
2338 4075 2459 4146 bo-

317 4209 496 4280 nam*
516 4183 862 4252 fortunam
885 4182 1291 4255 clamantem
1320 4179 1833 4278 pulsantemque
1878 4205 2077 4250 nemo
2111 4181 2309 4254 hodie
2341 4211 2459 4256 au-

465 4301 606 4370 JJJ.
829 4303 842 4377 2
1214 4346 1220 4359 ι
1337 4410 1350 4423 .
1449 4336 1454 4342 ·
2179 4295 2266 4392 37
