3067 5017
668 456 813 531 516

1290 460 1388 527 Μ.
1446 458 1744 527 ACCII
1799 461 2194 529 PLAUTI

668 582 985 652 Axitiosae
1025 604 1360 649 annonam
1402 604 1624 649 caram
1671 606 1708 648 e
1753 579 1868 648 vili
1901 582 2315 651 concinnant
2355 584 2535 651 viris.

664 698 880 789 Quasi
918 694 1171 764 tolleno
1206 710 1323 763 aut
1362 692 1576 788 pilum
1615 719 1904 787 graecum
1937 697 2313 791 reciproces
2347 695 2548 791 plana
2581 699 2700 766 via.

661 808 957 877 Terebra
997 818 1069 873 tu
1108 804 1382 899 quidem
1422 805 1797 898 pertundiS.
2783 826 2808 866 ⁵

662 920 848 986 Dare
882 914 1166 1011 pedibus
1202 915 1544 1008 protinam
1579 938 1723 983 sese
1760 915 1844 984 ab
1883 916 1987 985 his
2031 918 2422 1013 regionibus

662 1027 1065 1097 Terebratus
1110 1022 1401 1093 multum
1442 1024 1565 1111 sit,
1607 1040 1675 1093 et
1709 1025 2076 1095 subscudes
2119 1026 2364 1129 addite.

740 1184 881 1239 Haee
914 1179 1194 1237 hactenus
1223 1178 1396 1236 titulo
1425 1176 1695 1236 Astrabae
1723 1178 1958 1237 laudata
1995 1192 2132 1237 sunt
2161 1178 2235 1239 ab
2261 1180 2636 1255 auctoribus,
2665 1202 2812 1241 nunc

662 1274 949 1355 deinceps
964 1292 1095 1351 quae
1122 1282 1471 1349 sequuntur,
1508 1270 1848 1331 Clitellariae
1877 1273 2116 1333 nomine
2144 1274 2422 1334 citantur.

658 1428 814 1497 Nou
850 1424 1079 1519 quasi,
1126 1437 1201 1493 ut
1240 1421 1382 1491 haec
1418 1436 1574 1491 sunt
1619 1422 1767 1492 heic
1805 1422 2100 1495 limace-is
2136 1426 2386 1516 lividae,

658 1534 1081 1605 Dioboiareis
1107 1584 1126 1621 ,
1158 1530 1553 1618 scaenicolae,
1597 1532 1933 1603 miraculae
1957 1586 1976 1617 ‚

660 1648 834 1714 Cum
874 1642 1135 1713 extritis
1173 1639 1363 1728 talis,
1394 1665 1550 1709 cum
1587 1641 1845 1712 crotilis
1884 1644 2248 1728 crusculiS,

659 1752 927 1850 Capillo
972 1754 1210 1837 scisso,
1254 1765 1456 1846 atque
1500 1753 1844 1823 excissatis
1887 1756 2184 1826 auribus.

656 1866 848 1957 Quin
886 1865 979 1950 is,
1014 1861 1069 1931 si
1108 1860 1365 1931 iturus?
1396 1861 1684 1931 nimium
1721 1864 1777 1932 is
1813 1865 2134 1961 vegrandi
2173 1866 2408 1963 gradu.

562 2116 579 2131 .
742 2071 798 2126 3.
831 2070 1095 2123 Asitium.
1137 2064 1301 2137 Apud
1328 2066 1490 2119 Varr.
1520 2065 1586 2119 L.
1621 2065 1686 2119 L.

662 2152 774 2217 VI,
830 2152 883 2205 3.
934 2147 1271 2219 Aliilegunt
1311 2149 1509 2199 actiosoe
1553 2146 1593 2198 i.
1630 2164 1688 2217 q.

650 2234 900 2301 factiosa-³.
940 2225 1073 2281 Vid.
1116 2224 1373 2281 Bacchid.
1418 2237 1527 2279 act.
1568 2226 1654 2279 ΙΙΙ
1673 2263 1690 2291 ,

662 2319 730 2378 6,
785 2310 839 2365 3.
894 2340 977 2353 --
1020 2306 1353 2363 Glossarium
1396 2326 1409 2356 z
1462 2303 1646 2358 Axites
1674 2344 1691 2371 ,

662 2386 1143 2459 ἁποτιλισματικαί.
1196 2386 1383 2439 Festus
1426 2402 1440 2438 ε
1503 2410 1526 2432 ι
1556 2384 1693 2437 Axi-

659 2470 783 2527 tiosi
803 2510 819 2535 ,
864 2468 1068 2523 factiosi
1111 2462 1467 2527 dicebantur,
1522 2482 1692 2534 quum

660 2552 846 2623 plures
880 2566 987 2602 una
1012 2544 1150 2619 quid
1189 2556 1408 2617 agerent
1434 2544 1695 2596 facerent-

662 2640 791 2703 qu‘e.
818 2630 944 2682 Axit
974 2639 1154 2680 autem
1192 2644 1296 2697 pro
1328 2623 1521 2695 egerit:
1549 2622 1693 2677 unde

661 2711 827 2765 oxites
854 2708 1123 2771 mulieres,
1150 2704 1263 2756 sive
1289 2702 1402 2769 dii,
1439 2700 1694 2756 diceban-

660 2804 753 2847 tur
775 2804 886 2843 una
905 2798 1119 2857 agentes
1142 2808 1193 2837 ι.
1230 2784 1348 2835 Hoc
1368 2795 1547 2837 autem
1572 2800 1696 2835 con-

662 2870 807 2924 vicio
846 2866 971 2921 irati
1004 2864 1348 2919 dimittebant
1381 2862 1451 2918 ab
1488 2880 1546 2915 se
1575 2880 1696 2915 mu-

662 2950 821 3004 lieres
848 2967 864 2999 2
906 2948 1119 2998 axilios«
1142 2962 1212 2996 os.
1230 2940 1693 2996 Scan—Concin-

666 3034 805 3083 κεπτ.
836 3025 996 3081 Cous.
1030 3022 1228 3095 Amph.
1255 3023 1304 3086 1,
1328 3021 1386 3087 3,
1412 3022 1507 3075 31.
1539 3021 1611 3075 N.

742 3115 805 3173 -4,
828 3107 1127 3175 Reciprom.
1154 3102 1292 3155 Sene
1315 3103 1610 3172 reciprocare
1635 3100 1695 3153 iu

667 3190 775 3243 boe
805 3202 965 3239 versu
998 3182 1138 3237 nihil
1168 3180 1319 3235 aliud
1339 3218 1357 3244 ,
1399 3199 1563 3253 quam
1607 3198 1697 3235 sus

664 3267 842 3339 deque
872 3276 1077 3336 gestum
1119 3262 1193 3315 ita
1233 3278 1562 3333 componere
1581 3297 1599 3326 ,
1637 3272 1698 3313 ut

570 3342 581 3359 ¹
665 3348 871 3403 tolleno
912 3355 1004 3397 aut
1040 3342 1210 3414 pilum
1250 3358 1481 3413 gracum
1518 3339 1698 3393 videa·

666 3442 776 3483 tur.
804 3426 1034 3480 Tuum.

748 3504 799 3561 ⁵.
852 3502 1091 3568 Ter-obn,
1123 3513 1232 3555 ete.
1266 3503 1408 3573 apud
1445 3500 1591 3553 Non.
1641 3519 1692 3553 v.

592 3630 595 3639 .
663 3586 981 3654 excerebrare.
1040 3580 1243 3635 Confer
1301 3578 1557 3634 Bacchid.
1605 3581 1658 3633 V
1675 3617 1693 3645 ,

667 3689 696 3722 a
758 3670 853 3723 82.
1203 3696 1207 3701 -

714 3707 804 3801 ’6.
841 3746 1008 3806 Dare,
1039 3753 1139 3795 etc.
1192 3738 1337 3812 apud
1362 3739 1606 3792 Nonium
1635 3758 1689 3791 v.

655 3830 895 3900 protinus.
921 3822 1115 3876 Bacch.
1139 3821 1226 3873 111
1245 3859 1261 3885 ,
1299 3837 1348 3883 1,
1372 3838 1429 3889 7.

744 3926 800 3977 7.
828 3904 1119 3958 Ter-obrutus
1151 3897 1297 3971 apud
1320 3900 1461 3953 Fest.
1485 3918 1541 3954 v.
1561 3899 1696 3952 subs·

656 3988 821 4050 eudes,
848 3994 1083 4037 cuneatae
1116 3980 1323 4034 tabeliae
1353 3978 1550 4050 quibus
1580 3979 1695 4033 alin

656 4069 799 4121 inter
842 4084 897 4116 se
933 4063 1321 4137 configuntur„
1343 4058 1447 4112 Hic
1486 4057 1692 4131 aliquid

654 4144 895 4201 obseoeni
919 4142 1117 4194 subest.
1701 4138 1708 4150 “

734 4225 932 4282 &Non
956 4223 1096 4292 quasi
1105 4257 1121 4283 ‚
1144 4232 1246 4275 ete.
1274 4217 1421 4291 apud
1450 4220 1688 4274 Varron.

1778 2068 1844 2122 L.
1889 2070 1950 2123 1..
1973 2072 2084 2137 vl,
2130 2079 2181 2137 4.
2230 2072 2446 2126 Festum
2499 2092 2624 2127 voc.
2664 2075 2808 2127 schoe·

1781 2151 1988 2203 reiculas.
2035 2181 2116 2195 -—
2160 2152 2294 2205 Hoec
2339 2164 2494 2205 vetus
2553 2172 2655 2224 pro
2719 2156 2806 2207 hoe.

1780 2260 1862 2273 --
1884 2231 2119 2285 Limaces.
2137 2232 2348 2297 Limax,
2376 2233 2608 2286 cochlea·
2632 2252 2810 2305 genus,

1783 2326 1902 2381 qum
1938 2308 2253 2365 adbaereseit
2293 2311 2477 2365 herbis
2502 2324 2556 2364 et
2581 2332 2669 2367 eas
2696 2332 2808 2382 003·-

1785 2387 1948 2442 rodit.
1981 2390 2094 2443 Cur
2123 2390 2198 2444 ita
2223 2392 2526 2445 meretrices
2543 2394 2811 2464 appellen·

1781 2482 1874 2522 tur
1905 2468 2053 2521 haud
2080 2472 2394 2523 obscurum.
2835 2462 2846 2479 ⁰

1865 2566 1920 2616 9.
1944 2548 2258 2602 Diobohreis
2279 2589 2295 2619 ,
2338 2552 2489 2603 Poen.
2513 2551 2575 2616 Ι,
2617 2572 2671 2617 2,
2721 2552 2806 2607 58.

1781 2628 2044 2682 Mdv-acula
2063 2667 2080 2695 ,
2111 2628 2334 2703 φόὸητρᾱ
2370 2630 2610 2703 exprimi
2644 2644 2772 2703 puto
2791 2671 2805 2696 ,

1779 2720 1838 2761 et
1887 2711 2154 2780 μόρμονοις.
2198 2711 2458 2775 possent,
2501 2710 2712 2781 inquit,
2759 2725 2807 2764 et

1781 2789 2030 2841 mit-aculae
2055 2807 2169 2841 esse
2199 2808 2229 2841 a
2255 2789 2543 2843 miraculis.
2570 2791 2758 2844 Festus
2785 2812 2796 2841 :

1788 2892 1810 2914 ι
1829 2868 2114 2933 Min—acuta,
2136 2887 2260 2940 quae
2279 2888 2428 2922 nune
2450 2867 2619 2941 digna
2645 2870 2807 2924 admi·

1778 2948 1992 3001 ratione
2021 2946 2258 3001 dicimus
2278 2988 2294 3015 ,
2331 2948 2540 3021 antiqui
2568 2951 2625 3003 in
2653 2952 2805 3005 rebus

1782 3028 2032 3098 turpibus
2063 3032 2336 3097 ponebant
2367 3055 2419 3080 -.
2457 3029 2806 3085 Scan—Ne·

1783 3105 1896 3160 seio
1945 3126 2012 3159 an
2063 3120 2240 3176 potest
2287 3126 2401 3161 esse
2449 3111 2732 3165 meraculae
2779 3130 2807 3163 a

1784 3205 1991 3249 merum,
2021 3204 2217 3258 nempe
2247 3187 2559 3242 merobibae.

1873 3285 1958 3319 ιο.
1981 3266 2103 3319 Cum
2131 3270 2344 3329 exer-icis,
2376 3280 2476 3322 ete.
2499 3270 2807 3340 ap.Festum
2904 3319 2910 3327 .

1781 3346 2008 3399 vocibus
2026 3348 2306 3401 crocotilum
2323 3388 2338 3413 ,
2364 3350 2625 3401 succi-otilo
2643 3390 2659 3414 ,
2693 3351 2803 3403 todi.

1783 3424 1971 3479 Festus
1998 3425 2162 3479 modo
2191 3432 2409 3491 extritis,
2455 3428 2626 3482 modo
2649 3442 2806 3482 estor-

1781 3507 1863 3558 tis.
1905 3536 1988 3547 —-
2021 3505 2253 3571 Crotilc‘s,
2305 3506 2596 3562 admodum
2637 3510 2809 3563 tenui-

1783 3586 1900 3638 bus.
1919 3616 2000 3627 -
2025 3584 2310 3655 crusculis,
2349 3586 2676 3643 diminutive
2709 3608 2806 3660 pro

1776 3682 1968 3717 cruris.

1837 3810 1842 3818 ,
1872 3762 1960 3797 11.
1993 3744 2224 3817 Capillo,
2254 3758 2356 3801 etc.
2391 3746 2538 3816 apud
2568 3748 2806 3801 Nonium

1781 3842 1836 3876 v.
1865 3826 2156 3877 excissateem
2173 3867 2190 3890 ,
2245 3825 2304 3879 id
2357 3840 2463 3892 est,
2510 3828 2766 3881 laniatum
2789 3868 2804 3893 ,

1782 3904 2144 3959 vulneratum.
2175 3906 2420 3960 Fortasse
2441 3911 2672 3960 excisam
2697 3908 2731 3960 i.
2754 3926 2803 3979 q.

1779 3983 1990 4037 excisis.

1871 4083 1959 4117 η.
1999 4066 2134 4134 Quin
2167 4071 2242 4128 is,
2279 4080 2380 4119 ete.
2414 4064 2566 4136 apud
2595 4068 2802 4119 Festum

1783 4162 1832 4194 v.
1876 4145 2144 4213 vegrande.
2195 4146 2411 4216 Vulgo,
2473 4173 2494 4193 ι
2523 4147 2660 4210 Quae
2707 4146 2803 4199 nisi

1779 4224 1856 4277 sic
1899 4224 2088 4279 biteris
2116 4250 2138 4272 ι
2170 4264 2187 4292 ,
2243 4225 2399 4279 nullo
2446 4244 2622 4279 seusu.
2671 4224 2804 4279 Festi
