3067 5017
585 436 724 524 234
1419 435 1889 526 ΒΠΒΕΝΒ,

1076 669 1549 759 SCENA
1636 670 2248 781 QUINTA.

1379 898 1781 969 SCEPARN
1791 899 1914 968 10.

573 1093 706 1158 Pro
749 1088 817 1157 di
852 1086 1299 1176 inmortaleis,
1339 1089 1408 1156 in
1456 1112 1631 1181 aqua
1668 1112 2017 1182 nunquam
2058 1088 2309 1158 credidi

575 1196 1066 1293 Voluptatem
1049 1223 1267 1269 inesse
1312 1194 1607 1267 tantam!
1644 1212 1725 1267 ut
1758 1199 1937 1269 hane
1974 1200 2150 1268 traxi
2188 1181 2461 1272 lubensl

571 1310 802 1381 Nimio
837 1308 1058 1377 minus
1093 1306 1268 1378 altus
1309 1323 1551 1402 puteus
1595 1308 1743 1377 visu
1745 1306 1859 1391 'st,
1894 1333 2096 1402 quam
2138 1310 2349 1403 prius·

567 1423 666 1491 Ut
701 1421 842 1489 sine
877 1417 1106 1488 labore
1141 1419 1318 1488 hanc
1353 1413 1651 1487 extraxi!
1691 1418 2099 1513 praefiscine,
2389 1499 2398 1509 .

569 1531 745 1600 Satis
782 1554 1067 1623 nequam
1107 1520 1292 1615 suin3
1340 1542 1575 1622 utpote
1615 1530 1731 1624 qui
1768 1530 1971 1599 hodie
2015 1530 2383 1629 inceperim
2690 1556 2713 1594 ⁵

575 1643 845 1711 Amare.
873 1644 1048 1709 Hem
1090 1640 1210 1708 tibi
1249 1664 1530 1733 aquam,
1576 1664 1722 1708 mea
1764 1653 1838 1709 tu
1875 1637 2047 1708 bella
2081 1666 2097 1709 ε
2134 1641 2325 1727 hem,
2363 1642 2458 1711 sie
2492 1640 2645 1713 volo

574 1753 670 1819 Te
707 1748 881 1817 ferre
907 1748 1226 1835 honeste,
1261 1763 1340 1817 ut
1374 1773 1498 1843 ego
1536 1747 1681 1817 fero
1712 1774 1733 1833 ς
1775 1764 1853 1818 ut
1876 1748 2147 1847 *placeas
2190 1751 2377 1821 mihi.

566 1860 699 1929 Sed
729 1859 846 1929 ubi
880 1873 953 1927 tu
991 1882 1092 1946 es,
1127 1857 1454 1927 delicata?
1491 1882 1656 1953 cape
1698 1884 1941 1953 aquam
1979 1859 2195 1947 hane,
2233 1862 2320 1929 sis
2353 1888 2370 1932 :
2414 1863 2529 1932 ubi
2565 1864 2684 1933 es?

564 1974 798 2056 Amat,
833 1968 1090 2053 hercle,
1125 1994 1266 2057 me,
1300 1985 1376 2038 ut
1415 1994 1541 2063 ego
1578 1970 1821 2063 opinor
1854 1995 1870 2038 z
1908 1968 2169 2039 delituit
2208 1969 2405 2041 mala.

565 2081 704 2153 Ubi
741 2094 816 2148 tu
845 2079 954 2149 es?
983 2079 1270 2149 etiamne
1299 2080 1477 2149 hanc
1512 2104 1757 2149 urnam
1794 2079 2157 2175 adceptura
2190 2083 2303 2153 es?
2332 2083 2451 2153 ubi
2477 2081 2590 2153 es?
2668 2120 2717 2145 n·

569 2188 994 2263 Conmodule
1036 2189 1306 2274 melius3
1346 2188 1615 2259 tandem
1654 2215 1815 2259 vero
1850 2191 2051 2261 serio.

562 2304 783 2401 Etiam
819 2299 1185 2394 adceptura
1216 2326 1286 2371 es
1323 2325 1563 2375 urnam
1596 2299 1819 2369 hanc?
1858 2301 1976 2371 ubi
2014 2315 2087 2369 tu
2123 2326 2193 2369 es
2230 2302 2570 2397 gentium?

559 2414 951 2505 Nusquam,
989 2408 1252 2498 hercle,
1281 2408 1603 2503 ,equidem
1647 2408 1829 2479 illam
1873 2410 2070 2479 video
2102 2436 2116 2479 :
2158 2407 2352 2481 ludos
2386 2438 2493 2481 me
2530 2412 2708 2482 facit.

558 2520 947 2614 Adponam,
975 2519 1234 2606 hercle,
1277 2544 1517 2613 u-rnam
1546 2520 1689 2615 jam
1723 2545 1846 2615 ego
1885 2520 2061 2590 hanc
2106 2522 2202 2589 in·
2221 2523 2441 2591 media
2486 2524 2613 2592 via.

559 2628 689 2699 Sed
721 2642 986 2717 autem,
1020 2628 1184 2723 quid
1221 2630 1275 2697 si
1307 2630 1482 2699 hane
1517 2629 1679 2699 hinc
1714 2629 2069 2700 abstulerit
2106 2631 2443 2726 quispiam
2662 2654 2715 2694 ιε

561 2745 836 2812 Sacram
873 2765 1114 2809 urnam
1149 2739 1475 2809 Veneris?
1516 2740 1687 2811 mihi
1727 2742 2037 2812 exhibeat
2072 2744 2439 2838 negotium.

551 2854 820 2935 Metuo,
847 2848 1104 2936 hercle,
1137 2874 1224 2918 ne
1253 2848 1367 2919 illa
1406 2850 1650 2920 mulier
1678 2852 1846 2921 mihi
1890 2851 2165 2921 insidias
2210 2852 2419 2941 locet,

554 2968 655 3036 Ut
701 2960 1214 3056 conprehendar
1253 2987 1408 3031 cum
1454 2986 1643 3032 sacra
1686 2988 1857 3032 urna
1892 2963 2205 3033 Veneria.

556 3080 818 3168 Nempe
847 3086 1134 3165 optumo
1171 3097 1279 3141 me
1309 3072 1463 3165 jure
1503 3074 1578 3141 in
1620 3072 1906 3143 vinculis
1949 3089 2179 3143 enecet

556 3184 1027 3279 Magistratus),
1073 3183 1128 3250 si
1168 3183 1316 3276 quis
1350 3208 1458 3253 me
1492 3183 1670 3254 hanc
1701 3184 1951 3252 habere
1988 3184 2249 3254 viderit.

555 3296 732 3365 Nam
761 3292 906 3362 haec
939 3291 1336 3382 literata’st3
1375 3295 1460 3362 ab
1501 3318 1573 3365 se
1611 3308 1841 3363 cantat
1878 3293 2085 3389 quoja
2121 3295 2226 3363 sit..
2318 3368 2323 3375 ,

638 3482 693 3541 4.
717 3474 1016 3547 Proefisoine.
1042 3474 1200 3531 Asin.
1216 3478 1303 3543 11,
1333 3485 1386 3543 4,
1413 3480 1509 3542 84.
1768 3496 1791 3532 1
1810 3474 2592 3533 1.Conm0dulemelim.h1elins
2610 3490 2711 3544 est,

633 3557 686 3611 5.
701 3557 836 3610 Satis
855 3574 1077 3629 nequam,
1095 3569 1197 3611 etc.
1226 3557 1403 3610 Homo
1427 3557 1590 3611 nihili
1680 3570 1928 3630 oportet,
1969 3556 2191 3611 modum
2235 3557 2515 3622 adhiberi,
2560 3576 2711 3611 com

553 3651 608 3693 et
635 3637 825 3691 stultus
852 3655 1006 3698 sum,
1026 3637 1119 3707 qui
1141 3636 1386 3690 nondum
1409 3654 1590 3691 amare
1676 3637 1843 3692 mode
1870 3638 1975 3708 agi.

555 3736 853 3789 coeperam,
885 3715 1152 3788 siquidem
1192 3717 1248 3769 in
1281 3736 1346 3770 eo
1376 3728 1588 3771 tantum
1764 3720 1852 3773 13.
1881 3718 2047 3772 Ludos
2088 3738 2161 3771 me
2178 3720 2331 3787 facit.
2372 3717 2457 3772 cf.
2498 3716 2711 3789 Captiv-

554 3797 754 3851 laboris
775 3797 1136 3850 levamentum
1160 3795 1318 3850 inest.
1349 3795 1420 3850 N.
1677 3798 1797 3862 111,
1827 3805 1882 3863 4,
1913 3802 2007 3870 47.
2725 3846 2730 3852 .

637 3898 690 3949 7.
713 3878 957 3939 Honeste,
983 3877 1226 3930 comiter.
1764 3881 1857 3932 16.
1879 3879 2014 3931 Eat«.
2034 3898 2146 3949 neg.
2163 3879 2201 3932 i.
2224 3898 2279 3951 q.
2309 3878 2591 3949 πράγματα
2602 3893 2715 3930 ’πα-

636 3960 689 4011 8.
716 3954 1124 4010 Delicata.Gall.
1140 3957 1361 4029 espiegle.
1676 3959 1855 4028 ρέχειν,
1876 3958 2175 4012 molestiam
2204 3960 2467 4030 praebere.
2784 4001 2794 4015 .

633 4055 689 4105 9.
713 4036 870 4088 Amat
973 4036 1168 4088 delituit
1198 4037 1345 4089 mala.
1385 4062 1408 4084 ι
1432 4036 1579 4089 Malo
1759 4056 1848 4107 ¹9.
1876 4039 2091 4109 Optuma
2108 4040 2223 4109 jue-e
2240 4078 2257 4103 ,
2282 4038 2404 4108 lege
2422 4035 2709 4089 damnatus

549 4135 636 4170 me
665 4115 888 4169 Galatea
923 4115 1086 4185 petit,
1135 4116 1328 4171 lasciva
1373 4117 1577 4189 puella,
1666 4117 1769 4170 sim
1797 4117 1885 4171 fur
1917 4115 2240 4171 manifestus.

547 4198 614 4252 Et
643 4196 778 4268 fugit
803 4193 873 4250 ad
900 4194 1083 4248 salices
1107 4220 1156 4249 ι».
1752 4214 1845 4251 21.
1885 4198 2107 4251 Literata
2153 4198 2225 4251 ἐι.
2267 4194 2333 4250 Id
2376 4208 2485 4263 est,
2524 4195 2699 4249 literis
