3067 5017
552 384 736 459 282,
1378 383 1861 467 RUDENS‚

548 505 750 596 Quod
794 504 1159 600 promisisti
1197 519 1272 572 ut
1302 506 1722 594 memineris,
1768 505 1968 573 hodie
1998 489 2078 573 ut·
2104 502 2278 588 liber
2312 505 2459 575 sim.
2496 530 2692 602 pAEM.

841 617 1049 684 Licet.
1101 680 1104 685 .

547 719 813 798 TR'ACH.
855 729 986 794 Fac
1012 740 1083 793 ut
1107 749 1340 794 exores
1363 725 1875 820 Pleusidippum
1893 779 1912 809 ‚
1947 739 2023 792 ut
2048 749 2155 792 me
2182 725 2444 794 emittat
2469 751 2699 795 manu.

844 861 1037 905 DAEM.
1088 837 1290 905 Licet.

549 973 640 1019 'ra
652 971 814 1018 Aca.
838 951 921 1015 Et
943 961 1060 1031 tua
1077 946 1210 1014 filia
1229 945 1430 1014 facito
1449 945 1831 1032 oret3facile
1851 945 2175 1013 exorabit.
2193 969 2387 1015 DAEM.
2411 946 2617 1017 Licet.
2652 969 2703 1008 ιε

551 1082 807 1128 TRAGH.
839 1061 1052 1151 Atque
1083 1070 1164 1149 ut
1184 1056 1349 1125 mihi
1382 1054 1764 1152 Ampelisca
1792 1057 2001 1125 nubat
2021 1110 2040 1145 ‚
2066 1056 2183 1124 ubi
2210 1081 2335 1152 ego
2362 1057 2485 1125 sim
2509 1055 2700 1127 liher.

844 1193 1032 1238 DAEM.
1070 1169 1278 1239 Licet.

549 1301 810 1348 TRACH.
861 1283 1082 1372 Atque
1110 1293 1184 1345 ut
1225 1293 1490 1372 gratum
1517 1277 1685 1346 mihi
1710 1275 2114 1346 beneficium
2144 1277 2334 1345 factis
2375 1279 2701 1372 experiar.

842 1415 1034 1459 DAEM.
1075 1391 1287 1458 Licet.
2170 1389 2179 1397 “

552 1522 808 1570 TRACH.
864 1498 1178 1569 Omnian'
1219 1497 1416 1568 licet?
1463 1523 1657 1568 DAEM.
1709 1499 1953 1568 Licet:
2014 1498 2442 1580 tibi'rursum
2486 1498 2706 1568 refero

845 1610 1149 1702 gratiam.

550 1716 693 1784 Sed.
715 1742 1004 1812 propera
1045 1719 1140 1788 ire
1177 1720 1247 1787 in
1286 1719 1522 1786 urbem
1554 1735 1854 1789 actutum
1879 1773 1898 1806 ‚
1936 1735 2005 1789 et
2029 1719 2253 1813 recipe
2290 1734 2355 1788 te
2392 1711 2527 1790 huc
2559 1746 2710 1788 rur-

847 1853 1018 1896 sum.
1069 1854 1328 1900 TRACH.
1379 1832 1589 1901 Licet.

553 1938 699 2004 Jam
740 1936 888 2007 heic
925 1963 1084 2008 ero:
1129 1954 1204 2008 tu
1251 1941 1520 2008 interibi
1562 1939 1817 2010 adorna
1854 1956 2199 2030 caeterum,
2239 1941 2421 2036 quod
2463 1939 2703 2037 opu’st.

847 2073 1044 2120 DAEM.
1081 2050 1293 2119 Licet.

553 2177 816 2228 TRACH.
861 2159 1179 2229 Hercules
1219 2161 1426 2230 istum
1466 2159 1762 2229 infelicet
1796 2185 1951 2230 cum
1994 2184 2112 2228 sua
2157 2157 2459 2247 licentia,

553 2269 656 2335 Ita
701 2293 881 2339 meas
925 2269 1211 2364 replevit
1244 2274 1502 2358 aureiS‚
1541 2270 1879 2366 quidquid
1912 2271 2398 2355 memorabam,
2439 2271 2615 2344 licet.

1045 2524 1507 2615 scENA
1598 2479 2249 2614 SEPTIMA.

1186 2757 1558 2840 (nuptm,
1610 2757 2097 2825 DAEMONES.

559 2963 750 3009 Gan).
790 2940 1014 3026 Quam
1050 2963 1206 3006 mox
1249 2936 1404 3006 licet
1448 2951 1514 3004 te
1562 2937 1979 3031 conpellare,
2014 2938 2410 3008 Daemones?

477 3093 480 3096 ·
563 3073 758 3118 DAEM.
804 3046 991 3136 Quid
1026 3063 1124 3115 est
1164 3049 1427 3143 negoti,
1463 3049 1727 3142 Gripei‘
1770 3073 1961 3118 Gan).
1990 3053 2095 3118 De
2132 3048 2246 3117 illo
2294 3049 2521 3119 vidulo

565 3158 639 3225 Si
679 3158 930 3252 sapiaS‚
979 3157 1194 3250 sapias
1228 3183 1244 3225 ε
1279 3157 1524 3226 habeas
1554 3157 1737 3251 quod
1778 3157 1845 3225 di
1892 3157 2152 3225 danunt
2194 3159 2374 3227 boni.

562 3291 754 3336 DAEM.
794 3271 1080 3360 AEquom
1124 3267 1584 3353 videturtibi,
1628 3283 1701 3335 ut
1741 3293 1902 3362 eg0‚
1939 3267 2227 3337 alienum
2270 3269 2454 3363 quod
2489 3283 2619 3355 est,

561 3381 796 3448 Meum
837 3403 976 3446 esse
1012 3377 1282 3446 dicam?
1311 3403 1502 3448 GRIP.
1547 3379 1839 3467 Quodne
1878 3403 2002 3472 ego
2041 3379 2266 3446 inveni
2306 3379 2373 3448 in
2420 3378 2641 3447 mari?
2694 3405 2720 3441 5

524 3480 753 3558 'DAEM.
784 3492 1000 3558 Tanto
1037 3488 1276 3557 melius
1311 3488 1408 3557 illi
1447 3490 1721 3584 obtigit,
1758 3489 1874 3582 qui
1914 3489 2244 3582 perdidit:

649 3674 672 3707 1
688 3675 740 3724 7.
771 3653 979 3707 Gratum
1008 3655 1122 3705 milui
1145 3655 1302 3722 benef.
1325 3655 1591 3725 Experiar
1764 3655 1815 3707 3.
1840 3653 1898 3706 Si
1924 3659 2091 3729 sapias
2107 3696 2123 3719 ,
2150 3659 2314 3726 sapias
2335 3676 2354 3708 .·
2384 3657 2562 3708 habeas
2592 3655 2727 3726 quod

563 3755 675 3788 non
722 3734 900 3786 verbis
949 3747 1152 3786 tantum
1209 3735 1591 3806 gratulatoriis,
1681 3735 1735 3786 di
1755 3735 1959 3786 danunt.
1987 3735 2252 3788 Pistorius
2273 3740 2441 3805 capias
2462 3754 2564 3806 pro
2587 3735 2721 3787 alte-

564 3814 913 3878 beneficium,
950 3813 1097 3884 quod
1115 3813 1268 3868 vobis
1291 3815 1495 3868 contuli
1517 3815 1595 3866 in·
1682 3834 1749 3866 ro
1781 3818 1963 3886 sapias.
2003 3814 2109 3867 Sed
2150 3814 2363 3869 videtur
2408 3815 2589 3886 potius
2624 3813 2722 3866 de·

566 3894 709 3946 dicio
733 3892 905 3946 viduli
935 3894 1072 3946 facto
1089 3931 1105 3959 ,
1127 3909 1335 3966 gratum
1361 3911 1471 3947 esse
1493 3895 1596 3964 nii·
1687 3894 1909 3947 lendum
1964 3907 2017 3946 et
2058 3895 2399 3948 scribendum
2424 3915 2437 3946 ε
2490 3920 2511 3940 α
2538 3894 2592 3946 Si
2638 3913 2722 3946 sa·

563 3975 652 4038 hi,
682 3974 715 4025 i.
749 3992 797 4026 e.
827 3973 1046 4044 gratiam
1088 3992 1118 4025 a
1152 3973 1304 4027 vobis
1343 3974 1477 4026 mihi
1507 3993 1599 4046 pe·
1686 3975 1833 4045 piaS,
1895 3975 2092 4028 habeas
2149 3974 2301 4046 quod
2366 3973 2457 4027 dei
2517 3972 2728 4026 danunt

565 4053 780 4124 perisse.
835 4054 998 4107 Conf·
1055 4055 1321 4124 Amphitr.
1377 4055 1593 4126 Prolog.
1684 4055 1818 4108 boni
1846 4079 1893 4106 n.
1920 4054 2007 4108 Sic
2031 4055 2191 4109 etiam
2213 4055 2405 4109 melior
2428 4053 2489 4108 fit
2514 4072 2719 4108 versus,

570 4153 649 4186 vs.
685 4135 776 4196 48.
809 4135 874 4187 N.
1686 4135 1868 4188 Gnon.
