3067 5017
500 418 648 502 604
893 419 1027 487 DE
1075 419 1497 488 PLAUTO
1547 418 2252 489 TESTIMONIA.

428 574 443 583 ·
497 541 678 636 apud
714 564 871 611 eum
908 541 1147 610 decore
1190 539 1510 611 dicuntur
1553 566 1592 609 a
1638 566 1870 628 serm,
1917 556 2038 610 aut
2081 539 2372 610 lenone:
2357 566 2558 640 ·quae
2589 548 2650 613 si

502 650 791 721 orationi
829 665 1073 720 nostrae
1119 652 1536 738 inserantur,
1584 650 1942 720 reddamus
1977 674 2124 721 eam
2171 652 2525 745 protritam
2569 678 2652 723 ac

499 760 851 856 plebeiam.
904 760 1123 850 Quale
1162 776 1261 831 est
1311 786 1520 856 quum
1577 786 1804 830 servus
1849 763 1976 848 ait,
2027 784 2382 858 exspuere
2441 761 2655 832 lacri-

502 895 727 940 mam.
762 874 1065 967 Suntque
1098 870 1279 965 apud
1312 896 1467 939 eum
1505 869 1899 994 compluria·
1919 870 2122 964 hujus
2159 872 2461 966 generis,
2498 896 2651 965 quae

501 996 687 1049 extra
715 1006 981 1051 scenam
1010 1006 1147 1049 non
1174 980 1461 1051 habeant
1496 979 1744 1066 locum,
1779 981 1905 1049 nisi
1934 979 2107 1049 forte
2145 1005 2300 1049 cum
2333 979 2648 1050 familiari

500 1092 717 1160 amico
755 1116 1059 1160 sermone
1095 1089 1201 1160 vel
1236 1087 1517 1185 epistola
1558 1090 1777 1160 visum
1815 1104 1960 1159 erat
1996 1088 2298 1185 paullum
2340 1091 2606 1185 nugari.

599 1287 991 1375 Noluimus,
1038 1313 1124 1357 ne
1168 1302 1410 1383 praeter
1454 1287 1883 1359 commodum
1927 1288 2068 1357 haec
2107 1288 2652 1361 testimoniorum

500 1400 812 1473 collectio
836 1418 1285 1489 excresceret,
1322 1405 1774 1474 recentiorum
1810 1404 2213 1496 scriptorum
2239 1403 2494 1497 judicia
2535 1404 2648 1473 hic
2729 1456 2734 1459 -

498 1516 851 1611 adgerere,
875 1544 1167 1612 quorum
1204 1544 1413 1614 opera
1451 1518 1652 1614 vulgo
1681 1518 1993 1587 manibus
2026 1518 2477 1588 studiosorum
2501 1544 2650 1587 ver·
2724 1574 2734 1581 .

498 1646 732 1703 santur
780 1646 897 1702 aut
955 1633 1131 1703 fama
1189 1635 1627 1728 percrebuere
1649 1690 1668 1718 ‚
1715 1658 2020 1727 quosque
2075 1633 2424 1703 nominare
2487 1634 2654 1703 satis

498 1747 705 1817 fuerit
737 1773 753 1815 :
787 1746 1031 1817 Daniel
1067 1749 1420 1835 Heinsius;
1462 1749 1687 1841 Rapin
1737 1744 2177 1842 (Parallhles
2217 1748 2346 1819 des
2377 1749 2650 1843 grands

496 1862 839 1933 derivatus
877 1862 968 1932 de
1006 1861 1482 1960 l'antiquite);
1534 1860 1943 1933 Marmontel
1983 1852 2384 1959 (Elements
2415 1863 2507 1933 de
2539 1862 2646 1933 lit-

475 1975 837 2060 ‚teratur-e,
894 1982 1209 2047 coneum
1238 1977 1309 2071 );
1373 1977 1684 2073 Labarpe
1735 1977 1984 2070 (coms
2043 1976 2137 2047 de
2195 1977 2639 2063 litterature,

497 2107 547 2160 t.
564 2089 666 2183 1);
702 2089 1019 2161 Cailhava
1048 2094 1223 2184 (Art
1256 2090 1349 2161 de
1376 2091 1451 2159 la
1486 2090 1824 2176 Covsedie,
1857 2091 2172 2187 passim);
2207 2096 2318 2161 W.
2338 2092 2646 2187 Schlegel

496 2204 766 2303 (Coum-
807 2204 889 2273 de
928 2196 1342 2275 Litterature
1390 2206 1887 2303 humatique,
1951 2207 2126 2276 trad.
2157 2208 2415 2300 franc.
2475 2222 2524 2278 t.
2573 2210 2643 2291 13

500 2344 572 2414 p.
630 2316 1004 2415 376-82);
1040 2322 1423 2389 Lemercier
1486 2318 1762 2416 (Coum
1812 2320 1897 2389 de
1947 2317 2404 2408 Litte'rature,
2444 2335 2491 2390 t.
2531 2324 2644 2407 II,

501 2458 570 2529 p
615 2430 754 2529 275
790 2435 955 2503 suiv.
993 2448 1059 2502 et
1086 2440 1374 2531 passim
1402 2436 1473 2531 )·
1458 2489 1475 2522 ‚
1535 2437 1834 2503 Daunou
1873 2434 2302 2533 (Biograplz.
2349 2459 2652 2505 antvers:

497 2546 783 2614 Pam-n
808 2541 868 2637 );
911 2545 1171 2614 Eusebe
1212 2544 1510 2616 Salverte
1559 2544 1871 2639 (Horace
1915 2561 1987 2615 et
2027 2546 2441 2644 l'empereur
2479 2550 2635 2615 Au

485 2670 722 2753 guste,
770 2680 838 2749 p.
878 2652 1258 2752 105⁴·109)·
