3067 5017
528 570 669 643 358
1366 568 1828 653 STICHUS,

523 717 767 763 srnrn.
818 696 993 762 Date
1034 690 1201 759 mihi
1240 690 1469 759 locum
1504 690 1621 759 ubi
1661 689 2097 771 adcumbam‚
2149 686 2428 775 amabo,
2465 687 2671 779 siqui-

821 800 975 868 dem
1014 798 1302 894 placeo:
1351 814 1497 869 tum
1530 800 1702 870 mihi

526 911 747 1005 Cupio
770 932 924 979 cum
960 924 1250 1003 utroque
1275 909 1442 978 mihi
1477 935 1617 979 esse
1639 904 2482 1000 bene.s‘1·1cu.Dispereo!
2515 930 2672 977 sac..

820 1019 1009 1109 Quid
1044 1019 1191 1088 ais?
1226 1042 1453 1090 s‘rxcn.
1490 1019 1722 1110 Quid,
1758 1017 1929 1113 ego?

530 1154 685 1201 εισι.
729 1134 832 1226 lta
872 1154 979 1197 me
1025 1128 1092 1198 di
1132 1144 1400 1218 ament,
1453 1152 1804 1224 nunquam
1859 1128 2041 1196 enim
2087 1126 2207 1195 fiet
2249 1126 2486 1211 hodie,
2534 1125 2677 1194 haec

827 1238 991 1333 quin
1028 1238 1223 1326 saltet
1268 1254 1519 1309 tamen.

530 1356 710 1446 Age,
750 1350 1007 1420 mulsa
992 1375 1188 1439 mea,
1232 1350 1633 1439 suavitudo,
1672 1349 1887 1420 salta:
1929 1347 2186 1417 saltabo
2219 1372 2348 1442 ego
2383 1345 2606 1415 simul.

534 1484 761 1531 sucu.
802 1462 1203 1554 Nunquam,
1241 1459 1520 1555 edepol,
1563 1486 1673 1529 me
1721 1460 1888 1529 istoc
1930 1459 2190 1545 vince5‚
2227 1458 2392 1550 quin
2428 1481 2553 1551 ego
2587 1456 2680 1523 ibi

801 1572 2681 1665 pruriam.1⁵

530 1698 776 1749 εΤΕΡΗ.
819 1678 1167 1775 Siquidem
1202 1680 1371 1749 mihi
1418 1679 1829 1751 saltandum'
1833 1693 1934 1767 st,
1974 1693 2120 1747 tum
2173 1701 2292 1746 vos
2335 1676 2526 1761 date,
2577 1674 2683 1743 bi-

830 1784 1005 1876 bat,
1031 1788 1313 1861 tibicini.

538 1918 763 1969 s‘ncn.
798 1900 886 1967 Et
922 1841 1200 1994 qiiidem
1237 1898 1453 1970 nobis.
1479 1922 1638 1971 sAG.
1664 1903 1880 1986 Tene,
1908 1897 2181 1983 tibicen,
2215 1895 2536 1991 primum,
2570 1918 2689 1991 po-

836 2004 1045 2078 stidea
1088 2002 1219 2077 loci

538 2115 611 2183 Si
646 2114 778 2183 hoc
812 2113 1154 2202 eduxeris,
1181 2116 1489 2212 proinde,
1529 2132 1606 2187 ut
1639 2132 1998 2187 consuetus
2031 2117 2348 2198 antehac,
2384 2116 2690 2186 celeriter

541 2224 869 2321 Lepidam
906 2242 973 2295 et
1014 2252 1286 2299 suavem
1324 2228 1774 2298 cantationem
1816 2226 2112 2324 aliquam
2152 2228 2451 2323 obcipito
2486 2229 2688 2297 cinae-

840 2332 1061 2408 dicam
1080 2391 1101 2427 ,

545 2442 684 2515 Ubi
753 2448 1329 2542 perpruriscamus
1383 2471 1596 2542 usque
1661 2472 1742 2518 ex
1817 2436 2199 2543 unguiculis
2247 2472 2264 2515 :

844 2582 1111 2653 aquam.

547 2730 601 2775 ω
633 2734 651 2771 x
682 2714 781 2773 ted
818 2716 951 2792 qnid
982 2719 1033 2773 si
1062 2714 1298 2790 Vama,
1334 2720 1576 2791 peculium

545 2798 902 2852 rescribamus
921 2798 947 2851 ἲ
992 2797 1062 2852 ad
1109 2800 1413 2872 exemplum
1433 2839 1450 2865 ,
1496 2801 1580 2853 in·

547 2894 709 2951 quam
724 2913 742 2940 ,
785 2878 1062 2949 proverbii
1084 2880 1276 2933 veteris
1290 2918 1306 2944 ,
1343 2880 1399 2932 V
1394 2880 1576 2951 apula

2333 2442 2491 2519 inde
2558 2444 2693 2514 huc

1671 2738 1724 2788 1,
1755 2726 1888 2791 ²74·
1913 2720 2013 2775 -Ῑιει
2053 2720 2309 2774 Germani
2341 2720 2695 2773 hemuzielaeae.

1752 2818 1778 2853 ι
1791 2819 1843 2871 9.
1885 2800 2222 2853 Cantationem
2247 2799 2526 2853 cinoedicam
2544 2811 2698 2853 vocat

550 2954 777 3027 Paphia.
810 2958 1019 3011 Douzn.
1040 2986 1123 3001 ——-
1142 2956 1424 3031 Quidquid
1448 2955 1581 3012 scri-
1666 2956 2046 3030 prm-itumque
2071 2960 2406 3013 excitantem.
2427 2960 2612 3011 Tuan.

549 3037 675 3103 bas,
714 3036 976 3107 significat
1026 3039 1267 3091 servulus
1316 3056 1371 3091 se
1424 3056 1580 3094 suum

553 3116 825 3189 peculium
842 3155 857 3183 ,
904 3128 965 3169 ut
1004 3118 1227 3171 amicam
1280 3115 1581 3183 demea-eat,

551 3192 1165 3266 profusurum,——Fugit
1194 3194 1283 3249 hoc
1309 3196 1395 3251 tib.
1419 3208 1584 3269 caput.

557 3272 688 3327 Vid.
708 3273 849 3328 Rud.
872 3276 975 3341 IV,
1002 3298 1066 3341 α,
1092 3281 1183 3339 24·

640 3372 727 3409 u.
748 3354 984 3426 Dispersa
999 3372 1203 3423 amore,
1220 3354 1489 3428 cupidine.
1505 3384 1588 3399 ·--

564 3432 707 3511 Quid
720 3438 793 3487 ais
806 3442 836 3485 ι’
855 3436 904 3487 N
906 3454 979 3487 on
999 3454 1119 3488 eum
1140 3437 1293 3505 jubet
1306 3436 1586 3507 explicare,

562 3513 716 3586 quod
738 3512 882 3568 dixit
895 3516 1121 3568 verbum
1139 3515 1371 3586 dispereo,
1384 3518 1589 3587 quippe

564 3592 715 3665 quod
742 3594 1099 3665 explicatione
1128 3612 1245 3649 non
1273 3608 1441 3667 egeat.
1484 3594 1593 3649 Sed

561 3674 873 3745 compellat,
918 3672 1055 3745 quid
1095 3694 1244 3728 nunc
1286 3674 1592 3729 faciendum

556 3764 786 3815 censeat.
805 3753 987 3807 Aulul.
1004 3755 1107 3820 IV,
1132 3773 1189 3823 9,
1210 3774 1265 3825 7.
1280 3754 1350 3806 N.

650 3831 743 3885 15.
770 3832 1065 3903 Nunquam,
1108 3845 1213 3887 etc.
1250 3834 1374 3885 Non
1398 3832 1595 3899 facien,

563 3923 626 3964 ut
644 3928 754 3963 non
769 3913 1009 3983 pruriam
1031 3910 1285 3982 cupidine
1297 3949 1314 3972 ‚
1336 3911 1461 3966 lieet
1474 3930 1594 3967 eam

561 3990 746 4060 jubeas
784 3990 975 4044 saltu-e
992 4026 1011 4056 ,
1056 3990 1289 4063 ideoque
1326 4008 1357 4043 e
1387 3991 1593 4062 gremio

472 4123 475 4129 ,
562 4071 843 4125 amoveris.

656 4150 1039 4212 ffl-Eduurir,
1060 4150 1283 4205 biberis.
1312 4150 1519 4222 Amph.
1547 4153 1598 4218 1,

1756 3056 1845 3091 20.
1869 3038 2027 3112 Usque
2048 3059 2108 3096 ex
2133 3040 2420 3109 unguiculis.
2434 3039 2509 3091 Ut
2527 3055 2695 3107 usque

1671 3118 1739 3171 ab
1773 3118 2025 3173 extremis
2049 3117 2290 3191 partibus
2321 3118 2559 3189 corporis
2596 3116 2698 3170 toti

1675 3184 2008 3269 flagremus»
2023 3198 2125 3250 ..L
2147 3230 2228 3240 -—
2258 3198 2378 3253 Inde
2407 3198 2498 3249 huc
2523 3216 2698 3267 aquam

1673 3275 1926 3343 infunde,
1963 3278 2006 3330 si
2031 3279 2226 3350 placet.
2255 3276 2370 3332 Cur
2393 3276 2509 3331 haec
2545 3294 2700 3331 scena

1673 3356 1731 3409 in
1769 3356 1950 3427 plures
1979 3356 2247 3429 discerpta
2279 3359 2377 3424 sit,
2409 3358 2539 3411 olim
2573 3376 2701 3411 cau·

1675 3454 1787 3489 sam
1840 3438 2170 3491 comminisci
2227 3432 2430 3491 nullam
2483 3436 2636 3508 potui
2684 3458 2697 3487 z

1675 3534 1820 3569 nunc
1853 3514 2058 3589 judicio
2095 3516 2293 3571 sactum
2326 3516 2559 3570 arbitror
2581 3556 2597 3581 ,
2625 3516 2704 3569 'ut

1679 3597 1881 3651 scilicet
1898 3597 2060 3665 actio,
2078 3597 2220 3651 inter
2239 3596 2366 3651 istas
2386 3596 2700 3666 potantium,

1677 3676 1980 3729 saltantium
1997 3714 2012 3743 ,
2045 3676 2435 3731 lascivientium
2467 3674 2704 3730 molitio-

1678 3773 1804 3821 nes,
1846 3756 2168 3809 luculentior
2191 3770 2246 3810 et
2273 3755 2505 3827 amplior
2533 3766 2670 3810 esset
2685 3790 2702 3817 ‚

1682 3844 1736 3889 et
1761 3835 1943 3889 fabule
1970 3836 2098 3888 aliu
2123 3854 2238 3889 non
2258 3836 2418 3906 longa
2433 3872 2452 3898 ,
2485 3834 2564 3887 sic
2585 3835 2702 3887 lon-

1682 3911 1802 3987 gior
1825 3914 1992 3968 fleret.
2024 3916 2251 3971 Τιιηι.
2281 3948 2364 3959 --
2385 3914 2478 3967 Sic
2517 3912 2704 3966 lubido

1681 3994 2149 4063 grammaticorum
2181 3995 2330 4059 tulit,
2353 3995 2504 4047 nulla
2531 3992 2706 4045 Plauti

1684 4090 1835 4127 utens
1869 4072 2090 4144 quidem
2103 4110 2122 4141 ‚
2157 4076 2252 4147 qui
2291 4072 2496 4129 fabulas
2535 4071 2708 4127 scenis

1685 4172 1801 4208 non
1831 4150 2028 4207 divisit.
