3067 5017
607 397 755 471 316

1403 406 1420 420 ‘
1449 395 1936 486 STICHUS,

609 527 768 594 Haec
803 521 1008 592 verba
1045 521 1371 618 subigunt
1410 547 1553 611 me,
1596 548 1815 595 mores
1850 537 1929 592 ut
1969 514 2293 595 barbaros

606 634 880 704 Discam
907 687 926 719 ,
960 647 1164 727 atque
1199 648 1274 701 ut
1311 631 1552 703 faciam
1590 633 1917 727 praeconis
1952 633 2455 726 conpendium;
2714 659 2765 700 ιο

607 749 846 838 Itaque
885 745 1265 813 auctionem
1301 744 1696 839 praedicem,
1728 746 1871 839 ipse
1908 758 2319 818 utveneam.

606 877 818 924 enoc.
865 854 994 922 Hic
1029 851 1142 922 ille
1175 868 1275 922 est
1311 855 1646 948 parasitus
1678 879 1881 948 quem
1913 855 2305 923 arcessitum
2345 855 2551 926 missa
2584 878 2757 926 sum.

605 965 776 1052 Quae
812 961 1134 1056 loquitur,
1167 962 1593 1050 auscultab0,
1633 965 2026 1058 priusquam
2065 962 2456 1058 conloquar.

607 1095 764 1141 GEL.
800 1072 932 1142 Sed
965 1073 1210 1142 curiosi
1246 1087 1406 1142 sunt
1432 1075 1584 1144 heic
1614 1099 1819 1168 quam
1858 1073 2087 1168 plures
2122 1073 2315 1162 mali,

602 1180 876 1252 Alienas
919 1209 1024 1252 res
1060 1181 1176 1277 qui
1215 1199 1460 1253 curant
1498 1185 1722 1254 studio
1761 1208 2120 1272 maxume,
2710 1203 2760 1248 4⁵

604 1293 873 1380 Quibus
911 1293 1071 1386 ipsis
1109 1292 1294 1361 nulla
1333 1308 1434 1362 est
1467 1319 1608 1382 res,
1640 1319 1844 1388 quam
1883 1309 2287 1389 procurent,
2316 1321 2482 1366 sua:

605 1402 684 1470 Ei
721 1400 994 1495 quando
1038 1428 1237 1497 quem
1267 1404 1650 1473 auctionem
1692 1404 2035 1474 facturum
2074 1405 2326 1492 sciunt,

603 1510 912 1600 Adeunt,
957 1513 1360 1607 perquirunt
1399 1515 1581 1609 quid⁸
1612 1515 1740 1584 siet
1778 1540 1994 1584 causae
2028 1514 2265 1586 inlico:

610 1619 927 1691 Alienum
968 1648 1054 1692 aes
1091 1638 1323 1716 cogat,
1363 1649 1447 1692 an
1491 1626 1748 1719 pararit
1790 1624 2191 1719 prandium,

608 1731 891 1801 Uxorin'
929 1733 1014 1801 sit
1052 1731 1390 1801 reddenda
1429 1733 1549 1802 dos
1587 1734 1938 1805 divortio?
2686 1754 2767 1800 ‘⁵0

577 1827 1027 1910 ’Eos'omneis
1061 1840 1401 1934 (tametsi,
1440 1844 1665 1914 hercle
1688 1900 1707 1933 ,
1742 1845 1925 1915 haud
1963 1846 2277 1940 indignos
2308 1845 2542 1942 J'udico
2564 1901 2585 1932 ,

607 1953 783 2041 Qui,
824 1966 898 2020 ut
934 1949 1224 2020 multum
1263 1953 1486 2022 miseri
1526 1956 1696 2042 sint,
1735 1954 2121 2050 laborent),
2166 1955 2338 2026 nihil
2372 1981 2639 2054 moror:

611 2063 852 2131 Dicam
889 2063 1222 2131 auctionis
1253 2088 1561 2153 causam,
1596 2080 1674 2134 ut
1709 2067 1937 2135 animo
1976 2065 2352 2160 gaudeant,

609 2173 838 2266 (Nam
873 2174 1174 2241 curiosus
1213 2199 1410 2243 nemo
1447 2189 1583 2262 est,
1623 2177 1791 2270 quin
1828 2177 1916 2246 sit
1954 2174 2407 2268 malevolus),

604 2279 771 2377 Ipse‘
795 2298 1058 2378 egomet
1097 2287 1533 2379 quamohrem
1574 2288 1955 2356 auctionem
2003 2267 2407 2381 praedicem:
2716 2309 2763 2345 ⁵⁵
2852 2379 2857 2384 ¹

605 2395 874 2462 Damna
917 2410 1288 2463 evenerunt
1334 2421 1649 2465 maxuma
1685 2398 1930 2466 misero
1966 2396 2133 2465 mihi
2160 2451 2179 2484 ,

597 2506 712 2571 'Ita
747 2528 854 2571 me
889 2501 1248 2598 mancupia
1285 2507 1605 2574 miserum
1648 2507 2042 2576 adfecerunt
2080 2505 2292 2591 male,
2496 2543 2519 2570 .

606 2614 997 2683 Potationes
1035 2613 1342 2709 plurimae
1379 2614 1800 2686 demortuae.

603 2727 794 2814 Quot
827 2724 994 2794 adeo
1023 2751 1226 2794 coenae
1247 2751 1468 2820 ,quas
1500 2726 1773 2812 deflevi,
1816 2723 2136 2796 mortuae!

587 2837 795 2936 'Quot
829 2837 1134 2930 potiones
1171 2833 1401 2906 mulsi!
1443 2852 1613 2931 quot
1649 2851 1874 2907 autem
1913 2833 2236 2930 prandia!
2486 2835 2491 2843 ’
2716 2854 2768 2890 6⁰

608 3062 833 3103 nonem,
858 3063 930 3097 un
965 3064 1124 3098 avare
1155 3049 1184 3097 ὲ
1208 3045 1446 3099 l'instant
1472 3047 1642 3099 Meri-

607 3123 769 3176 teroit
795 3141 1011 3187 erever3
1052 3125 1131 3190 si,
1161 3144 1303 3196 pour
1323 3128 1446 3197 plus
1469 3125 1641 3219 grand

613 3206 1000 3267 tourment,11
1047 3223 1118 3257 ne
1165 3204 1347 3258 devoit
1417 3207 1466 3258 le
1508 3207 1641 3271 soit,

609 3288 760 3354 apres
787 3284 986 3336 main‘te
1013 3285 1198 3344 visite..
1245 3289 1334 3337 Ou
1370 3304 1641 3356 personne

603 3363 790 3433 jamais
817 3366 845 3414 a
873 3375 1040 3416 rester
1061 3384 1132 3418 ne
1155 3363 1391 3428 l’invite,
1415 3367 1640 3419 Retour-

610 3457 731 3505 ner,
771 3443 974 3514 malgre
1019 3444 1126 3509 lui,
1169 3443 1324 3498 diner
1366 3449 1395 3497 a
1437 3463 1520 3498 ses
1552 3445 1641 3498 de·

609 3541 744 3592 pens
768 3548 816 3574 n.
840 3523 910 3574 N.

695 3603 788 3670 39.
835 3603 996 3654 Mor-es
1042 3602 1290 3658 barbaros.
1331 3605 1416 3658 Cf.
1458 3605 1640 3659 Casin.

613 3681 719 3745 III,
745 3686 778 3733 6
796 3721 813 3745 ,
848 3701 937 3749 19.

693 3769 784 3825 41.
833 3763 1002 3832 ltaque
1047 3767 1324 3816 auctionem·
1355 3765 1637 3834 praedicem.

601 3840 882 3911 Tanquam
923 3860 1102 3911 praeco
1143 3863 1226 3896 res
1267 3845 1474 3897 venales
1515 3864 1641 3915 pro·

603 3919 846 3972 clamem.
869 3919 1000 3974 Vid.
1024 3921 1182 3992 Epid.
1209 3925 1294 3987 ΙΙ,
1331 3943 1378 3976 2.

688 4004 782 4067 49.
823 4000 1053 4053 Alienum
1099 4023 1166 4055 aes
1215 4015 1378 4072 cogat.
1429 4005 1632 4057 Utrum

601 4097 706 4130 aere
743 4079 915 4132 alieno
957 4095 1172 4134 coactus
1211 4084 1520 4137 auctionem
1562 4085 1638 4138 fa-

599 4159 718 4214 ciat.
750 4161 892 4213 Ean.
929 4159 1008 4203 ί-
1039 4162 1280 4217 Fortasse
1315 4165 1512 4229 rectius
1546 4184 1634 4218 or·

1728 3047 1909 3100 dinem
1942 3045 2293 3099 instruxeris:
2326 3045 2525 3096 Utrum
2554 3044 2644 3097 ille
2670 3063 2768 3096 co.

1726 3140 1815 3197 gat
1836 3116 2075 3196 (colligat
2092 3125 2341 3178 auctione
2354 3123 2643 3195 pecuniam
2664 3143 2767 3176 un·

1730 3205 1799 3258 de
1826 3202 2020 3269 solvat)
2063 3224 2131 3256 aes
2170 3205 2429 3257 alienum.
2454 3237 2537 3248 --
2560 3204 2771 3256 Par-urit

1723 3287 2007 3356 prandium,
2038 3304 2152 3337 non
2190 3283 2411 3356 quidem
2447 3302 2649 3349 unum3
2674 3302 2769 3336 au-

1728 3379 1845 3418 ctor
1888 3363 2163 3418 helluandi
2210 3362 2653 3417 consuetudinem
2694 3363 2766 3416 si·

1728 3445 1967 3516 gnificat.
1999 3445 2067 3498 N.

1815 3525 1908 3578 52.
1936 3526 2123 3578 Miseri.
2166 3524 2301 3576 Nam
2344 3524 2585 3578 curiosus
2612 3523 2761 3575 ultro

1727 3605 1992 3658 miseriam
2010 3647 2025 3670 ,
2055 3623 2151 3657 suo
2171 3604 2380 3667 labore,
2398 3603 2503 3657 sibi
2528 3603 2765 3656 attrahit.

1812 3689 1904 3748 54.
1958 3685 2091 3738 Nam
2138 3687 2368 3735 curiosus.
2420 3684 2491 3735 Et
2540 3681 2762 3752 proprie

1728 3767 1943 3816 curiosus
1972 3777 2053 3817 est
2090 3764 2481 3834 πολυπράγμων.
2507 3764 2588 3816 Ita
2615 3761 2759 3814 Plut.

1727 3847 1829 3904 πᾶς
1858 3849 2225 3914 πολυπράγμων
2256 3843 2517 3902 κακοήθης.
2541 3841 2663 3894 Cas.
2683 3873 2764 3884 -

1727 3923 2023 3976 Vid.Trin.
2054 3924 2113 3986 Ι,
2147 3943 2173 3974 2
2196 3960 2213 3986 ‚
2253 3927 2528 3992 ιδ’-174.
2600 3943 2607 3952 “

1810 4003 1903 4073 57.
1938 4005 2019 4056 Ita
2046 4023 2118 4054 me
2156 4005 2407 4072 mancupia
2408 4039 2437 4067 ‚,
2460 4012 2563 4052 etc.
2585 3998 2763 4050 Habe·

1721 4084 1847 4136 bam
1896 4083 2062 4136 multa
2114 4082 2377 4152 mancipia
2396 4119 2411 4144 ‚
2454 4095 2575 4150 quae
2622 4078 2760 4128 mihi

1724 4162 2056 4227 serviebant,
2098 4181 2209 4216 non
2244 4160 2453 4218 mamis,
2488 4157 2581 4212 sed
2620 4158 2761 4227 logis.
