3067 5017
343 443 616 468 mmm

1505 447 1693 488 m

2249 465 2391 504 ”w
2398 465 2488 488 §55

742 604 1240 772 ACT-Us
1325 585 2093 801 QUA-RTI'JS.
2174 737 2181 744 -

907 907 1360 938 -ae—-u-Q

912 1085 974 1176 S
991 1087 1067 1178 C
1081 1085 1156 1176 E
1174 1089 1260 1178 N
1277 1089 1357 1176 A
1417 1091 1486 1178 P
1499 1092 1583 1178 R
1602 1093 1645 1179 I
1662 1093 1878 1182 MA.

850 1249 1277 1386 ΑΒΒΙΤΕΒ,
1324 1301 1430 1372 PA
1440 1232 1973 1378 momms.

337 1505 516 1595 ARB.
546 1471 818 1610 HEM,
869 1520 1258 1594 Pantomale
1280 1575 1298 1606 ‚
1346 1523 1533 1594 domi
1566 1527 1751 1622 ‘quid
1780 1531 2070 1626 agitur?
2100 1552 2321 1608 vester
2366 1514 2475 1612 ille

331 1635 495 1730 quid
532 1634 734 1704 facit?
757 1658 963 1704 PANT.
993 1633 1201 1723 Quod
1232 1634 1451 1720 nosti,
1491 1635 1685 1705 male.
1720 1664 1875 1710 ARB.
1910 1645 2093 1738 Ergo
2128 1651 2477 1741 queritur?

330 1769 534 1817 PANT.
573 1749 732 1818 Non
769 1743 1000 1838 plane:
1036 1745 1128 1813 ita
1159 1744 1247 1812 sit
1270 1743 1467 1814 nobis
1496 1745 1853 1818 incolumis
1888 1766 2089 1844 atque
2117 1759 2467 1851 propitiuS.

329 1877 486 1924 ΛΒΒ.
531 1853 779 1948 Atqui,
817 1851 1068 1936 hercle,
1104 1851 1276 1922 solet
1331 1879 1473 1924 esse
1524 1856 1853 1952 ingratus.
1904 1885 2110 1934 PANT.
2150 1867 2336 1956 Quid
2376 1873 2474 1940 vis

325 1963 519 2035 fieri?
559 1966 669 2034 Sic
729 1989 834 2033 res
882 1959 1104 2034 habet.
1161 1962 1418 2035 Caelum
1470 1967 1805 2062 numquid
1864 1962 2209 2066 aeqhaliter‘
2254 1977 2471 2048 admi-

324 2074 694 2144 nistratur?
733 2068 834 2142 sol
872 2073 1013 2170 ipse
1045 2097 1183 2142 non
1229 2099 1493 2168 semper
1527 2077 1719 2145 nitet.
1776 2104 1931 2150 Anu.
1965 2085 2187 2174 Bene,
2222 2089 2467 2159 Panto-

320 2183 495 2254 male
530 2199 800 2271 noster,
828 2183 1100 2252 tandem
1136 2207 1262 2277 pro
1300 2183 1593 2254 dominis
1630 2187 1811 2257 solus
1851 2193 1964 2284 qui
2004 2193 2146 2265 haec
2176 2195 2461 2272 dictitas.

321 2316 526 2367 ΡΑΝΤ.
557 2294 809 2366 Eadem
843 2293 1208 2396 dico'vobis
1242 2294 1637 2364 absentibus
1666 2302 2258 2400 praesentibusque.
2298 2334 2460 2382 ΛΒΒ.

319 2404 538 2474 Credo
568 2430 585 2474 :
619 2428 1073 2500 nam-semper
1109 2403 1266 2472 novi
1297 2419 1362 2472 te
1387 2405 1666 2474 bonum.
1707 2430 1917 2487 ΡΑΝΤ.
1949 2409 2051 2480 Tu
2085 2440 2207 2484 nos
2243 2418 2457 2490 bonos

316 2541 393 2587 ac
428 2541 691 2610 semper
732 2513 954 2584 felices
998 2514 1198 2601 faciS,
1247 2515 1364 2609 qui
1403 2530 1709 2584 nostrum
1752 2515 1945 2587 illum
1980 2519 2151 2591 bene
2194 2550 2451 2601 moneS.

316 2651 478 2698 ARB.
506 2627 662 2696 Feci
699 2641 766 2695 et
792 2624 965 2694 facio
988 2649 1271 2720 semper.
1307 2631 1521 2696 ΡΔΝΤ.
1554 2623 1743 2696 Vah!
1788 2627 2047 2698 utinam
2084 2631 2195 2703 ille
2233 2662 2456 2710 mores

314 2717 612 2807 servaret
651 2752 839 2823 tuoS‚
878 2750 1182 2830 essetque
1227 2735 1410 2831 apud
1456 2761 1577 2805 nos
1615 2750 1752 2805 tam
1795 2739 2055 2832 patiens
2098 2739 2303 2838 atque
2346 2749 2454 2818 in-

316 2846 632 2944 dulgens,
680 2871 882 2940 quam
939 2860 1014 2914 tu
1054 2869 1211 2916 cum
1263 2845 1438 2918 tuis!
1485 2871 1649 2918 ΔΒΒ.
1712 2850 1870 2919 Non
1920 2875 2217 2946 agnosco
2268 2857 2447 2946 haec,

311 2955 745 3054 Pantomale‚
793 2955 1165 3054 suffragia:
1205 2957 1486 3026 nimium
1534 2974 1799 3027 nosmet
1842 2960 2179 3054 praedicas·
2230 2989 2442 3051 PANT.

311 3046 592 3164 Edepol,
630 3093 751 3142 nos
794 3066 1052 3139 omneis
1084 3066 1329 3136 scimus
1379 3082 1445 3136 et
1481 3066 1833 3138 laudamus
1865 3068 2269 3166 plurimum.
2310 3079 2443 3146 uti-

311 3202 602 3273 namque
639 3177 750 3248 illa
789 3177 911 3245 tibi
941 3177 1170 3249 omnia
1206 3176 1551 3262 eveniant,
1577 3177 1760 3272 quod
1798 3204 1921 3248 nos
1958 3197 2269 3286 optamus
2306 3213 2444 3256 ser-

311 3287 484 3362 vuli!
529 3313 696 3364 ANT.
736 3291 886 3356 Imo
931 3287 1092 3373 tibi,
1136 3285 1400 3375 hercle3
1444 3285 1731 3383 pellibus
1774 3289 2169 3388 ossibusque
2203 3299 2441 3408 vestris

308 3369 650 3487 eveniant,
680 3396 1010 3493 quidquid
1047 3399 1291 3519 optasti
1323 3399 1751 3471 mihi.1›ANT·
1782 3404 1921 3488 Ha,
1956 3427 2077 3488 cur
2103 3404 2195 3476 ita
2228 3399 2443 3503 suspi-

305 3511 517 3582 caris?
555 3507 1086 3602 numquidnam
1072 3532 1142 3576 m
1171 3506 1394 3604 aliquo
1433 3533 1556 3576 nos
1594 3507 1873 3602 gravas?
1901 3534 2058 3580 ΑΗΒ.
2102 3515 2256 3583 Non
2278 3517 2440 3600 ‚sed

306 3620 462 3714 quia
499 3621 686 3689 vobis
711 3617 1014 3690 naturale
1034 3634 1134 3688 est
1152 3617 1367 3686 odisse
1401 3618 1709 3686 dominos
1738 3643 1999 3714 semper
2032 3622 2174 3690 sine
2211 3623 2441 3694 discri-

302 3730 505 3798 mine.
538 3754 747 3800 ΡΑΝΤ.
768 3729 989 3800 Male
974 3753 1420 3824 imprecamur
1453 3727 1726 3800 multis:
1763 3755 1994 3799 verum
2021 3747 2152 3818 est,
2176 3748 2261 3802 et
2265 3760 2439 3844 saepe

304 3853 369 3908 et
403 3816 653 3910 libere:
698 3841 816 3910 sed
848 3839 976 3912 illis
1013 3839 1442 3954 syeophantis
1479 3855 1549 3906 et
1590 3831 2005 3934 maliloquis,
2047 3867 2215 3936 quos
2259 3846 2436 3914 nosti

301 3947 490 4020 bene.
535 3976 690 4022 ARB.
749 3956 934 4046 Age:
965 3952 1108 4046 jam
1163 3949 1379 4018 credo.
1437 3948 1569 4016 Sed
1610 3949 1929 4044 quidnam
1972 3965 2045 4019 tu
2086 3951 2433 4024 dominum

302 4058 517 4130 facere
540 4061 806 4130 aiebas?
832 4086 1042 4134 PANT.
1072 4065 1241 4134 Rem
1272 4059 1565 4128 divinam
1591 4075 1899 4154 coeperat.
1927 4065 2169 4158 Magus
2196 4081 2438 4172 praesto

302 4186 446 4241 erat
484 4197 640 4242 cum
673 4172 1048 4243 ministris.
1094 4171 1275 4241 intus
1312 4194 1543 4240 omnes
1580 4183 1743 4240 tunc.
1782 4170 1968 4242 ibant
2004 4171 2445 4288 simul.AR1;3.

2086 4281 2199 4376 37-
