3067 5017
649 537 783 610 170

1383 513 2048 599 PSEUDOLUS‚

643 642 734 706 Ut
777 638 1060 731 quisque
1101 636 1397 730 quidque
1442 637 1790 705 conditum
1833 635 2242 730 gustaverit,

636 753 828 842 Ipsos
870 750 997 817 sibi
1037 748 1275 816 faciam
1324 763 1397 816 ut
1434 748 1686 842 digitos
1727 746 2063 841 praerodat
2100 749 2302 815 suos.'

636 883 835 928 ΒΑΗ..
867 860 1134 948 Quaem,
1153 857 1405 945 hercle,
1430 859 1822 952 priusquam
1847 856 2218 952 quidquam
2244 859 2542 929 convivis
2571 861 2778 948 dabis,

640 973 929 1039 Gustato
964 980 1107 1038 tute
1138 970 1359 1063 prius,
1394 977 1466 1037 et
1503 967 1852 1063 discipulis
1891 967 2087 1054 dam,
2729 996 2795 1045 9⁶.

634 1084 731 1150 Ut
764 1080 1153 1178 przprodatis
1198 1093 1454 1148 vostras
1492 1079 1818 1148 furtificas
1853 1101 2116 1145 manus,

636 1215 785 1260 coc.
818 1196 1123 1260 Fortasse
1152 1190 1294 1260 haec
1327 1203 1397 1258 tu
1432 1215 1617 1259 nunc
1645 1188 1813 1258 mihi
1849 1211 1988 1256 non
2019 1185 2252 1256 credas
2279 1213 2426 1282 quae
2455 1187 2716 1284 loquor.

637 1326 836 1371 ΒΑΜ..
864 1301 1188 1372 Molestus
1224 1325 1311 1368 ne
1349 1301 1478 1382 sis;
1515 1301 1800 1367 nimium
1837 1299 1976 1391 jam
2019 1298 2263 1384 tinnis,
2308 1323 2447 1366 non
2482 1299 2728 1392 places.

633 1415 802 1480 Hem
824 1465 843 1496 ‚
871 1410 1045 1480 illeic
1068 1437 1193 1505 ego
1227 1411 1496 1479 habito:
1530 1411 1711 1478 intro
1740 1410 1874 1478 huc
1903 1408 2012 1476 abi
2036 1462 2054 1494 ‚
2077 1421 2144 1476 et
2175 1423 2433 1478 coenam
2465 1429 2679 1504 coque
2707 1443 2781 1470 ιω

634 1525 946 1615 Propere.
982 1546 1140 1592 coe.
1161 1521 1345 1611 Quin
1385 1523 1439 1590 is
1476 1521 1868 1590 adcubitum
1891 1573 1909 1607 ‚
1946 1532 2012 1587 et
2049 1519 2362 1587 convivas
2399 1520 2585 1590 ced0.

633 1631 1129 1724 Conrumpitur
1148 1632 1290 1724 jam
1319 1655 1528 1701 coena.
1557 1653 1757 1700 ΒΑΗ..
1797 1626 1968 1698 Hem
1996 1680 2014 1715 ‚
2046 1627 2348 1697 subolem
2371 1683 2389 1717 ‚
2425 1631 2553 1718 εἰς,
2592 1629 2776 1700 vide!

629 1745 779 1810 Jam
812 1742 923 1810 hic
949 1766 1218 1835 quoque
1254 1739 1598 1827 scelestuS‚
1639 1753 1740 1808 est
1781 1739 1981 1832 coqui
2026 1738 2386 1833 sublingio.

630 1853 941 1922 Profecto
986 1851 1152 1946 quid
1190 1877 1371 1921 nunc
1408 1853 1705 1945 primum
1748 1874 2018 1918 caveam
2057 1847 2284 1917 nescio
2302 1881 2331 1935 ‚-

629 1965 734 2030 Ita
776 1963 844 2030 in
882 1961 1136 2029 aedibus
1172 1975 1331 2030 sunt
1375 1961 1556 2029 fures
1591 1989 1606 2030 :
1644 1959 1870 2054 praedo
1911 1960 1980 2026 in
2021 1983 2352 2052 proxumo
2368 1959 2468 2029 'st.
2703 1981 2774 2018 ωε

625 2075 777 2140 Jam
813 2097 853 2140 a
889 2095 996 2140 mc
1031 2071 1141 2140 hic
1177 2071 1437 2140 vicinus
1472 2069 1655 2165 apud
1699 2071 1920 2139 forum
1959 2069 2166 2164 paulo
2201 2071 2394 2164 prius

627 2183 826 2250 Pater
870 2180 1197 2251 Call-idori
1240 2205 1441 2276 opere
1478 2183 1714 2275 petivit
1755 2203 2106 2264 maxum0‚

629 2295 727 2360 Ut
758 2292 923 2360 mihi
964 2315 1265 2360 caverem
1300 2317 1339 2359 a
1371 2291 1705 2361 Pseudolo
1743 2309 1932 2374 servo
1975 2310 2098 2360 suo
2123 2343 2141 2377 ‚

710 2431 805 2500 93.
832 2431 1087 2504 Quidque,
1114 2429 1514 2502 quodcumque.

706 2519 801 2580 94.
826 2513 963 2581 Ipsos
987 2511 1081 2563 sibi
1092 2512 1314 2578 faciam,
1334 2523 1435 2564 etc.
1465 2513 1649 2576 Quum

620 2591 933 2645 suavitatem
968 2591 1190 2662 alicujus
1213 2591 1351 2655 cibi,
1377 2605 1466 2645 aut
1484 2589 1652 2644 avidi-

619 2682 782 2724 tatem
806 2690 1014 2736 eorum,
1036 2671 1233 2744 quibus
1256 2670 1560 2740 appositum
1583 2672 1647 2723 iri

620 2747 870 2816 deberet,
892 2751 1067 2804 Graeci
1084 2748 1366 2803 ostendere
1380 2751 1650 2816 volebant,

616 2827 944 2900 ὑπερὲολικῶς
972 2829 1039 2883 de
1066 2829 1172 2882 illis
1198 2828 1474 2894 dicebant,
1503 2835 1650 2883 καθι-

621 2911 765 2962 σθίιιν
807 2907 1098 2970 δακτύλους.
1138 2907 1409 2979 Aristoph.
1443 2908 1500 2961 in
1545 2907 1652 2981 Py-

616 2989 897 3061 thagoreos
918 2991 1092 3043 utitur
1118 3007 1131 3040 :
1160 2989 1273 3040 imo
1303 3008 1401 3041 nos
1424 3007 1646 3061 quoqne

612 3069 668 3122 in
696 3070 870 3141 patrio
895 3086 1158 3123 sermone.
1180 3069 1347 3121 onr.

699 3170 795 3219 99.
816 3149 1050 3202 Molestus
1073 3169 1131 3200 ne
1158 3152 1241 3200 sis.
1277 3149 1506 3201 Mostell.
1538 3149 1642 3216 III,

621 3252 649 3283 2
666 3269 682 3294 ‚
708 3235 802 3294 84.
826 3261 909 3270 -—
934 3231 1150 3282 Nimium
1179 3232 1341 3281 ῑίηηιὶς.
1383 3227 1475 3281 Est
1518 3249 1642 3300 pro-

614 3310 864 3364 verbialis
893 3309 1095 3361 locutio
1126 3308 1182 3359 in
1214 3309 1454 3379 garrulos
1481 3310 1642 3363 nimis

618 3403 675 3442 et
706 3393 1066 3444 oblocutores.
1101 3389 1279 3441 Casin.
1315 3389 1395 3453 11,
1427 3387 1457 3439 3
1478 3427 1493 3452 ,
1532 3385 1640 3455 323

614 3470 771 3527 Asin.
791 3471 877 3534 ΙΙ,
907 3477 971 3534 4,
1003 3475 1110 3534 4²3
1151 3469 1353 3521 Poenul.
1374 3468 1516 3521 Prol.
1546 3467 1639 3524 33.

615 3551 913 3604 Translatio
947 3569 979 3602 a
1011 3549 1148 3602 vasis
1189 3548 1363 3613 aereis,
1392 3547 1551 3607 nolis,
1587 3561 1643 3600 et

616 3629 809 3696 doliis,
837 3649 956 3704 quae
984 3629 1207 3701 proprie
1239 3629 1413 3680 tinnire
1447 3625 1643 3680 dicun-

610 3723 717 3774 tur,
755 3710 902 3764 unde
942 3723 994 3762 et
1032 3708 1371 3760 tinelanabula.
1408 3707 1550 3760 Hinc
1588 3718 1642 3759 et

611 3789 843 3844 Neronis
878 3790 1083 3844 dictum
1116 3801 1193 3842 est
1231 3785 1377 3859 apud
1417 3787 1637 3839 Sueton.

616 3899 640 3920 e
659 3869 885 3942 Aliquid
910 3869 1122 3923 sufferti
1141 3867 1342 3920 tinnire
1362 3894 1408 3920 ι.
1429 3867 1640 3938 Nempe

611 3953 766 4006 aliter
804 3949 1047 4002 tinniunt
1090 3967 1211 4001 vasa
1257 3948 1440 4019 plena,
1484 3946 1640 4000 aliter

606 4049 792 4088 vacua.
812 4025 1025 4084 Giton?

694 4128 821 4166 101.
849 4109 1008 4166 Cedo,
1034 4106 1102 4160 da
1126 4107 1290 4172 mihi,
1316 4103 1511 4159 adduc.

694 4211 816 4244 ιο).
849 4191 1208 4259 Conrumpitur.
1238 4185 1443 4239 Exiiniu
1487 4185 1635 4239 festi-

602 4271 767 4326 nandi
791 4269 1073 4343 jactantia;
1098 4287 1259 4338 quam
1291 4266 1536 4319 nondum
1560 4279 1633 4319 at-

1749 2432 1902 2502 tigit,
1925 2435 2030 2501 jam
2061 2443 2210 2483 cocta
2241 2443 2318 2483 est
2340 2449 2514 2494 coena,
2545 2444 2599 2484 et
2626 2449 2772 2486 mora

1748 2511 2096 2564 convivarum
2111 2511 2498 2582 corrumpitur.
2517 2511 2773 2566 Similiter

1747 2605 1910 2663 atque
1945 2591 2136 2644 servoli
2165 2591 2257 2662 qui
2288 2589 2583 2661 praedicant
2610 2610 2667 2646 se
2689 2611 2771 2646 re-

1746 2691 1928 2725 vorsos
1950 2672 2093 2734 fore,
2112 2672 2426 2742 priusquam
2449 2672 2642 2724 abiisse
2655 2691 2772 2724 sen·

1745 2753 1872 2804 serit
1895 2751 1987 2803 ille
2014 2752 2107 2822 qui
2137 2751 2330 2803 mittat.
2365 2751 2770 2818 N.—Subolem‚

1744 2835 1841 2897 sis,
1887 2823 2034 2883 ville!
2062 2831 2246 2884 Monet
2281 2849 2509 2899 puerum
2529 2870 2544 2893 ‚
2577 2843 2638 2884 nt
2674 2833 2769 2884 ob-

1745 2923 1916 2964 servet
1951 2911 2182 2981 aliquem
2217 2911 2372 2982 coqui
2415 2910 2769 2980 discipulum,

1744 3010 1906 3062 quem
1933 3005 2092 3044 vocat
2109 2991 2375 3053 sobolem,
2407 3009 2604 3061 nempe
2628 2992 2720 3063 qui
2739 3011 2770 3043 e

1741 3069 1989 3124 doctrina
2011 3070 2245 3141 magistri
2271 3071 2585 3142 coquinaria
2626 3089 2771 3142 eger-

1740 3151 1927 3204 minet.
1961 3151 2032 3203 N.

1827 3229 1950 3284 103.
1996 3231 2094 3282 Est
2124 3233 2264 3302 coqui
2307 3229 2566 3300 sublirigio.
2599 3229 2768 3296 Quasi

1738 3307 1916 3363 dicat:
1947 3307 2242 3382 discipulus
2267 3309 2428 3380 coqui
2454 3309 2524 3362 ad
2556 3310 2767 3380 lingen-

1737 3387 1832 3442 das
1861 3390 2097 3461 patinas,
2129 3407 2288 3461 quam
2331 3388 2398 3442 ad
2427 3390 2651 3442 obsonia
2678 3409 2765 3443 co-

1738 3468 1948 3541 quenda
1991 3470 2182 3541 aptior.
2218 3468 2501 3538 Sublingio‚
2531 3473 2631 3535 nis,
2667 3477 2765 3522 nd-

1737 3567 1864 3602 men
1910 3551 2108 3602 factum
2149 3568 2180 3602 a
2225 3551 2542 3619 sublingendo
2569 3569 2593 3602 .·
2634 3569 2767 3621 quo-

1737 3628 1902 3682 modo
1929 3629 2058 3682 alibi
2097 3629 2294 3681 tocullio
2331 3640 2386 3682 et
2424 3632 2582 3702 turpio
2621 3627 2764 3700 apud

1739 3709 1972 3762 Latinos.
1996 3711 2255 3762 Tuam—
2268 3709 2578 3780 Legendum
2605 3722 2763 3780 puto,

1739 3793 1878 3861 coqui
1908 3789 2164 3858 sublingia
2195 3791 2442 3860 Coquum
2479 3787 2763 3860 subligari-

1739 3880 1910 3921 torem
1943 3887 1970 3921 a
1999 3869 2362 3941 sublingendis
2381 3908 2398 3932 ,
2427 3878 2478 3921 et
2507 3868 2760 3938 ligurien-

1737 3946 1820 4000 dis
1853 3949 2062 4019 patinis.
2099 3949 2257 4020 Coqui
2279 3948 2548 4018 sublingw,
2581 3959 2644 4002 ut
2663 3969 2764 4000 sce·

1738 4029 1810 4080 lus
1831 4032 1945 4083 viri.
1964 4029 2194 4083 Samus-

1822 4109 1945 4163 105.
1970 4109 2152 4160 Praedo
2168 4150 2181 4170 ‚
2213 4108 2325 4162 scil.
2346 4105 2666 4160 Pseudolus.

1819 4207 1942 4258 107.
1987 4189 2146 4258 Opere
2174 4206 2426 4252 maxumo,
2471 4187 2756 4239 vehemen-

1731 4281 1831 4335 ter,
1855 4268 2238 4338 superlativum
2266 4287 2296 4320 a
2329 4285 2632 4338 magnopere.
