3067 5017
587 440 678 516 58

1344 440 1899 513 POENULUS
1933 491 1955 525 ,

582 590 798 639 Acon.
835 566 1034 638 Mitte
1071 564 1158 639 ad
1195 588 1336 650 me,
1373 563 1607 649 sodes,
1646 562 1849 637 hodie
1890 560 2373 655 Adelphasium
2407 575 2633 649 tuam,

580 676 710 745 Die
748 676 916 745 festo
957 673 1204 744 celebri
1249 674 1591 769 nobilique
1632 672 2075 767 Aphrodisiis.

578 811 730 857 ΠΟ.
773 785 1082 857 Calidum
1121 784 1445 879 prandisti
1489 783 1853 879 prandium
1888 782 2139 869 hodie?
2180 780 2288 849 dic
2326 781 2515 859 mihi.

581 920 800 967 Aeon.
857 895 1043 984 Quid
1080 896 1270 988 jam?
1307 918 1465 968 uc.
1526 896 1709 984 Quia
1744 918 1819 967 os
1856 918 2040 963 nunc
2068 890 2485 985 frigefactaS‚
2516 915 2725 986 quom

877 1032 1091 1101 rogas.

2678 1024 2727 1068 ⁸5

576 1139 798 1186 AGOR.
835 1120 983 1185 Hoc
1020 1140 1142 1213 age
1166 1170 1184 1202 ‚
1222 1116 1309 1183 sis
1333 1168 1353 1201 .,
1382 1113 1536 1183 leno
1573 1142 1588 1184 ε
1627 1138 1887 1181 servom
1920 1136 2061 1180 esse
2096 1110 2324 1179 audivi
2362 1135 2587 1181 meum

575 1227 776 1320 Apud
822 1242 906 1297 te.
949 1248 1107 1296 LYc.
1148 1224 1346 1321 Apud
1388 1223 1549 1293 me?
1590 1247 1941 1316 nunquam
1980 1222 2231 1291 factum
2273 1221 2591 1315 reperies.

575 1360 796 1408 Acon.
833 1338 1123 1407 Mentire
1163 1363 1177 1405 τ
1219 1361 1373 1403 nam
1417 1334 1502 1403 ad
1543 1347 1609 1403 te
1646 1334 1868 1420 venit,
1913 1356 2291 1426 aurumque
2334 1329 2600 1399 adtulit.

576 1450 681 1516 Ita
723 1446 889 1515 mihi
932 1446 1399 1515 renunciatum
1417 1442 1530 1530 'st‚
1574 1443 1818 1536 quibus
1863 1442 2066 1511 credo
2106 1441 2285 1513 satis.

571 1580 728 1625 LYc.
763 1554 988 1625 Malus
1029 1580 1100 1623 es
1126 1608 1144 1642 ‚
1184 1567 1528 1648 captatum
1572 1579 1679 1621 me
1720 1554 1992 1622 advenis
2030 1577 2201 1621 cum·
2227 1532 2526 1621 testibus.

573 1667 630 1733 T
635 1689 876 1733 uorum
914 1664 1094 1759 apud
1132 1688 1238 1739 me
1277 1688 1478 1735 nemo
1503 1662 1625 1749 ’st‚
1666 1688 1788 1736 nee
1821 1662 2193 1759 quidquam
2232 1664 2353 1740 tui,

574 1796 790 1843 Acon.
833 1777 1248 1845 Mementote
1287 1770 1486 1861 illuc,
1523 1772 1873 1843 Advocati.
1916 1796 2083 1846 ADV.
2120 1773 2579 1851 Meminimus,

578 1907 736 1953 msc.
777 1888 884 1951 Ha
920 1882 1007 1950 ha
1049 1880 1171 1953 he!
1207 1884 1348 1979 jam
1390 1898 1586 1953 teneo
1624 1883 1786 1978 quid
1824 1884 1946 1969 sit,
1990 1884 2297 1979 perspexi
2335 1882 2559 1961 modo.

577 1995 711 2081 Hi,
744 1995 863 2088 qui
906 1992 1098 2063 illum
1142 1993 1398 2066 dudum
1438 1994 1964 2069 conciliaverunt
1998 1994 2165 2062 mihi

674 2181 764 2236 13.
785 2183 884 2235 Die
894 2183 1031 2251 festo
1063 2182 1254 2237 celebri.
1281 2184 1405 2236 Non
1437 2196 1513 2237 est
1544 2184 1609 2235 ab

584 2263 874 2333 interprete
912 2265 968 2316 τὸ
997 2264 1136 2331 festo
1155 2298 1174 2323 ‚
1228 2276 1288 2315 ut
1330 2276 1611 2334 putarunt.

585 2342 861 2401 Sallustius
913 2343 971 2398 in
1025 2343 1175 2401 Bello
1230 2342 1263 2393 J
1269 2344 1559 2415 ugni-thino
1596 2360 1610 2396 ε

584 2447 608 2470 ι
623 2420 682 2473 in
703 2419 846 2474 diem
872 2422 1087 2475 tertium
1107 2422 1615 2495 constituunt‚quod

576 2501 626 2553 is
655 2500 818 2553 festus
845 2502 1248 2573 celebratusque
1271 2522 1367 2573 per
1395 2520 1614 2555 omnem

581 2578 818 2633 Africam
850 2580 1042 2633 ludum
1073 2594 1125 2634 et
1153 2582 1422 2636 lasciviam
1451 2582 1618 2652 magis

583 2678 745 2735 quam
801 2658 1150 2715 formidinem
1225 2662 1524 2713 ostentabat
1564 2674 1615 2713 i».

584 2738 842 2791 Gnonov.
1205 2802 1210 2807 ,

671 2819 761 2872 15.
791 2818 939 2871 Nunc
961 2838 1015 2869 os
1032 2818 1295 2887 frigefact.
1333 2844 1356 2865 ιι
1387 2817 1501 2881 Qui
1532 2836 1617 2871 ca-

581 2896 755 2951 lidum
809 2898 1042 2969 prandet
1086 2896 1415 2969 prandium,
1461 2898 1615 2951 avide

584 2992 790 3048 captata
810 2997 939 3031 aura
957 2978 1192 3030 libenter
1218 2996 1278 3029 os
1301 2976 1616 3046 frigefaetnt,

586 3058 680 3129 qni
703 3076 834 3109 vero
861 3076 1046 3111 auram
1073 3069 1250 3127 captat
1269 3094 1284 3121 ‚
1313 3056 1452 3109 nihil
1473 3057 1609 3128 agit:

511 3205 516 3213 ι
586 3138 662 3190 sic
683 3138 1056 3208 Agorastocles
1075 3133 1212 3188 nihil
1239 3137 1347 3205 agit
1371 3136 1619 3207 rogando

583 3216 652 3270 ad
676 3236 729 3269 se
753 3217 896 3269 mitti
916 3215 1301 3286 Adelphasium
1325 3241 1374 3268 υ.
1399 3215 1485 3269 Sic
1515 3235 1615 3287 pu-

583 3309 703 3349 tant
725 3316 780 3350 se
807 3308 965 3349 acute
996 3313 1111 3347 rem
1146 3294 1434 3365 expedisse.
1477 3296 1615 3349 Sane

564 3377 678 3447 qui
721 3394 906 3428 auram
939 3387 1116 3445 captat
1140 3392 1244 3444 pro
1284 3393 1544 3445 corpore,
1570 3375 1616 3427 is

585 3456 720 3508 nihil
744 3457 854 3527 agit
889 3476 900 3506 :
949 3453 1038 3507 sed
1063 3456 1154 3524 qui
1185 3472 1366 3507 auram
1399 3466 1609 3525 captat,

582 3548 644 3587 ut
681 3554 891 3599 auram,
933 3553 1132 3606 nempe
1161 3533 1516 3604 refrigerandi
1556 3547 1611 3587 et

579 3614 862 3668 recreandi
903 3616 987 3667 sui
1027 3632 1214 3677 causa,
1265 3615 1311 3666 is
1359 3614 1605 3685 profecto

579 3692 782 3765 aliquid
815 3694 953 3764 agit,
996 3706 1050 3746 et
1085 3712 1142 3747 se
1182 3694 1388 3747 restitui
1423 3696 1604 3747 sentit.

577 3773 701 3825 Alio
735 3785 789 3825 et
824 3774 1162 3827 commodius
1192 3774 1413 3844 respicit
1443 3774 1605 3825 Plau-

576 3865 680 3906 tus.
726 3852 940 3921 Frigida
981 3852 1256 3918 dicuntur,
1303 3853 1360 3905 in
1406 3854 1604 3923 quibus

579 3950 772 4003 parum
817 3944 895 3985 est
933 3934 1146 4001 gratian,
1193 3934 1341 3997 salis,
1387 3932 1602 3985 facetia-

578 4030 700 4065 rum
727 4032 740 4064 ε
769 4010 846 4065 sic
869 4012 1118 4081 frigidum
1149 4014 1337 4065 schema
1353 4048 1370 4076 ‚
1399 4012 1601 4082 frigida

1702 2184 1948 2248 insulsis,
1978 2182 2212 2236 inficetis
2245 2180 2555 2235 audiuntur.
2592 2182 2728 2235 Tam

1704 2262 1926 2334 frigida,
1960 2264 2158 2333 inquit,
2192 2262 2457 2334 loqueris,
2486 2275 2546 2315 ut
2572 2262 2617 2315 si
2646 2280 2729 2315 cn-

1703 2342 1815 2397 lido
1870 2343 1991 2396 cibo
2037 2343 2232 2413 raptim
2286 2353 2495 2413 gustato
2547 2354 2732 2413 guttur

1704 2422 2019 2487 adussisses,
2056 2419 2124 2474 ad
2153 2422 2266 2477 haec
2296 2422 2454 2473 verba
2488 2420 2546 2473 id
2571 2422 2727 2473 refri-

1705 2520 1890 2573 gerare
1912 2521 2108 2573 posses.
2132 2502 2219 2557 Sic
2234 2514 2287 2554 et
2301 2499 2518 2565 Rud.V‚
2544 2521 2592 2557 2,
2621 2498 2691 2568 39
2712 2521 2725 2551 ε

1713 2608 1734 2629 ι
1764 2584 1839 2637 Os
1876 2583 2011 2637 calet
2056 2581 2156 2635 tibi
2182 2600 2197 2635 z
2228 2599 2375 2635 nunc
2416 2579 2475 2633 id
2516 2580 2733 2649 frigefa„

1706 2674 1820 2715 ctas
1848 2687 1894 2713 ι.
1930 2662 2188 2714 Similiter
2209 2659 2347 2713 ludit
2370 2660 2601 2713 Maniai.
2622 2660 2729 2734 111,

1712 2740 1779 2794 25
1816 2759 1829 2793 ε
1869 2763 1889 2784 ι
1908 2740 1963 2793 si
1987 2741 2273 2810 temperari
2301 2740 2549 2791 balneum
2574 2740 2725 2809 cupis

1685 2816 1950 2882 ¹fervens,
1977 2821 2155 2890 Roga,
2194 2818 2418 2882 lavetur,
2459 2820 2729 2871 rhetorem

1706 2899 2015 2952 Sabineium
2058 2917 2072 2951 :
2120 2899 2451 2951 Neronianas
2484 2896 2541 2949 id
2570 2899 2726 2950 resri-

1702 2991 1851 3049 gerat
1880 2979 2107 3031 thermas
2140 3005 2187 3031 a.
2220 2980 2288 3031 Et
2318 2978 2611 3031 Gnathaena
2638 2978 2731 3053 Di·
2834 3006 2838 3011 -

1703 3059 1855 3129 philo
1874 3096 1889 3121 ‚
1922 3059 2115 3128 Ψυχρόν
2162 3058 2211 3128 γ’
2246 3059 2377 3125 ἔχεις
2423 3059 2505 3111 τὸν
2544 3058 2725 3111 λάκκον

1704 3140 2099 3209 ὁμολογουμένως
2117 3178 2131 3201 ,
2168 3136 2371 3190 dicenti
2406 3138 2483 3191 sic
2506 3155 2729 3208 respon·

1704 3216 1783 3270 dit
1814 3239 1825 3269 ε
1870 3224 1965 3269 τῶν
1998 3224 2095 3271 σῶν
2126 3214 2400 3287 δραμάτων
2433 3215 2529 3287 γὰρ
2562 3219 2731 3286 ἐπιμε-

1699 3304 1795 3357 λῶς
1852 3298 1915 3357 εἰς
1970 3299 2115 3350 αὐτὸν
2170 3298 2246 3350 ἀεὶ
2303 3297 2413 3357 τοὺς
2465 3298 2727 3367 προλόγους

1704 3374 2011 3447 ῳῧαᾋομεν
2030 3414 2045 3442 ,
2074 3376 2216 3447 apud
2238 3376 2434 3429 Athen.
2454 3376 2551 3430 lib.
2574 3377 2727 3431 XIII.

1702 3456 1959 3509 Gnonov.
1981 3487 2064 3509 --.»
2084 3456 2415 3525 Frigesaceas.
2438 3456 2473 3507 J
2478 3495 2491 3507 .
2517 3455 2645 3509 Gul.
2674 3466 2728 3507 et

1698 3536 1883 3587 Douza
1922 3537 2158 3606 probant
2189 3535 2549 3604 frigidefactas
2568 3555 2587 3588 .·
2621 3552 2725 3605 qua

1696 3634 1853 3679 voce,
1890 3614 2077 3669 eodem
2106 3616 2265 3686 plane
2296 3634 2483 3678 sensu,
2515 3633 2639 3669 usus
2670 3614 2727 3669 in

1694 3694 1837 3748 Rud.
1866 3707 1973 3747 aet.
1996 3697 2069 3759 V,
2106 3715 2160 3759 η,
2187 3714 2265 3757 vs.
2304 3695 2377 3762 39
2408 3712 2421 3746 :
2450 3717 2471 3738 α
2496 3694 2572 3747 Os
2594 3693 2729 3747 calet

1694 3775 1795 3827 tibi
1830 3775 1842 3826 !
1916 3793 2047 3827 num
2102 3774 2181 3847 git
2230 3772 2645 3844 frigidefactas?
2694 3799 2720 3826 a·

1695 3856 1937 3908 Ennnsr.

1776 3940 1867 3998 ²4·
1886 3935 1996 3997 Hi,
2040 3937 2126 4005 qui
2144 3934 2281 3987 illum
2301 3972 2315 3997 ,
2350 3946 2456 3986 eto.
2484 3934 2560 3991 E.
2587 3951 2727 4004 quo·

1692 4032 1813 4066 rum
1852 4032 2021 4085 opera
2062 4015 2153 4067 hic
2194 4014 2485 4083 Spartanus
2530 4011 2600 4067 ad
2640 4030 2729 4065 me

576 4091 842 4145 urbanitas.
865 4091 956 4145 Sic
985 4091 1151 4163 igitur
1179 4106 1232 4145 et
1249 4094 1450 4163 frigida
1479 4112 1601 4164 quae
1688 4094 1859 4151 venit,
1892 4095 2113 4147 moleste
2138 4096 2245 4166 jam
2272 4094 2472 4158 ferunt,
2506 4111 2597 4147 me
2626 4092 2729 4145 hos

572 4173 686 4227 sine
711 4172 881 4243 gratia
909 4171 1272 4243 excipiuntur,
1295 4192 1394 4242 pro
1423 4173 1601 4236 fatuis,

1695 4172 1804 4227 300
1838 4173 2116 4244 Philippos
2148 4172 2557 4227 lucrifacturum
2588 4190 2727 4225 esse.
