3067 5017
630 516 769 588 500
1276 518 2102 602 TRUCULENTUS,

624 668 785 715 Aue.
821 644 943 713 vis
978 644 1241 739 subegit
1274 670 1507 714 verum
1545 642 1773 726 fateri,
1813 641 1906 709 ita
1946 639 2090 710 lora
2129 639 2379 710 laedunt
2413 644 2716 714 brachia.

623 778 826 825 GALL.
854 756 963 842 At,
990 755 1043 823 si
1063 780 1295 837 verum
1318 755 1488 823 mihi
1521 754 1706 823 eritis
1724 752 1944 837 fassae,
1965 749 2199 820 vinclis
2227 750 2679 823 exsolvemini.
2713 789 2773 815 ι·

623 889 776 935 ΜΝ.
808 865 1027 935 Etiam
1054 890 1236 933 nunc
1257 918 1276 949 ‚
1304 865 1467 959 quid
1496 866 1584 933 sit
1611 864 1872 957 negoti,
1903 859 2104 929 falsus
2133 862 2560 957 incertusque
2583 890 2766 947 sum;

621 974 769 1047 Nisi
834 975 1013 1067 quia.
1034 976 1239 1045 timeo
1288 990 1536 1043 tamen.
1591 998 1833 1043 Tonsr.
1893 976 2040 1067 Ego
2101 996 2226 1041 nec
2282 972 2449 1065 quid
2497 974 2766 1067 peccavi

912 1084 1072 1153 scio.

618 1218 811 1265 GALL.
836 1194 1157 1263 Omnium
1187 1194 1479 1289 primum
1508 1194 1784 1262 diversae
1815 1206 2023 1277 state3
2052 1192 2206 1260 hem
2229 1192 2361 1261 sic:
2394 1192 2565 1262 istuc
2589 1193 2763 1262 volo,

615 1311 797 1379 Neve
828 1308 1005 1377 inter
1041 1333 1157 1377 vos
1193 1308 1614 1404 significetis,
1641 1332 1768 1402 ego
1805 1331 1922 1375 ero
1955 1307 2172 1401 paries
2204 1332 2220 1373 :
2259 1305 2533 1401 loquere
2567 1324 2663 1377 tu.

617 1442 788 1490 ΔΝο.
814 1418 1002 1508 Quid
1035 1415 1273 1511 loquar
1292 1416 1529 1488 PcAu..
1555 1416 1739 1505 Quid
1758 1442 1970 1512 puero
1991 1416 2240 1485 factum
2255 1414 2366 1505 'st‚
2387 1442 2534 1487 mea
2561 1442 2762 1513 quem

910 1526 1172 1621 peperit
1207 1525 1381 1615 filia,
2713 1550 2769 1589 ιε

613 1640 774 1707 Meo
812 1635 1087 1731 nepoti?
1118 1637 1342 1729 capita
1379 1662 1602 1706 rerum
1642 1638 1808 1707 mihi
1841 1637 2170 1732 expedite.
2210 1662 2375 1708 Ano.
2406 1642 2558 1709 Istae
2590 1641 2765 1715 dedi.

615 1774 818 1823 GALL.
877 1750 1026 1815 Jam
1069 1761 1234 1815 tace.
1295 1745 1704 1841 Adcepistin’
1749 1772 2036 1843 puerum
2083 1762 2158 1815 tu
2195 1747 2280 1815 ab
2323 1747 2475 1846 hec.
2523 1775 2768 1821 Tousr.

911 1854 1190 1948 Adcepi.
1236 1879 1436 1925 CALL.
1480 1858 1692 1943 Tace3

614 1967 805 2044 Nihil
839 1990 1067 2035 moror
1096 1980 1447 2057 praeterea:
1478 1966 1636 2035 satis
1663 1990 1734 2035 es
1763 1963 1956 2034 fassa.
1993 1988 2156 2035 Arm.
2191 1963 2452 2034 Infitias
2487 1991 2625 2035 non
2659 1992 2766 2048 ee,

616 2102 819 2153 cAm..
848 2080 994 2145 Jam
1032 2073 1311 2145 livorem
1348 2088 1495 2145 tute
1528 2074 1820 2171 scapulis
1859 2076 2027 2143 istoc
2059 2073 2422 2141 concinnas
2462 2077 2615 2144 tuis,

619 2186 1049 2263 Conveniunt
1078 2182 1302 2253 adhuc
1330 2185 1680 2278 utriusque
1706 2183 1929 2253 verba.
1957 2208 2106 2254 mlv.
2147 2184 2268 2252 Vae
2299 2184 2542 2253 misero
2572 2183 2766 2254 mihi!

617 2305 777 2372 Mea
812 2320 993 2364 nunc
1030 2293 1327 2362 facinora
1368 2296 1790 2390 aperiuntur,
1819 2292 1988 2363 clam
2025 2318 2174 2387 quae
2209 2294 2470 2386 speravi
2509 2294 2668 2365 fore.
2717 2333 2768 2359 ῃ

620 2434 825 2483 CALL.
864 2410 1171 2499 Loquere
1204 2420 1334 2474 tu:
1374 2406 1491 2499 qui
1535 2406 1693 2474 dare
1731 2420 1796 2473 te
1822 2404 1984 2472 huic
2011 2428 2294 2499 puerum
2331 2403 2576 2517 jussit?
2601 2433 2766 2479 Anc-

911 2518 1091 2583 Hera
1130 2514 1344 2607 major
1378 2539 1546 2583 mea.

623 2659 753 2717 rarii
788 2674 971 2729 opere.
1014 2656 1060 2707 A
1092 2656 1263 2708 verbo
1302 2659 1509 2720 tintino,
1552 2675 1652 2708 no-

625 2758 751 2797 men
770 2740 1008 2798 tintinna,
1032 2734 1127 2805 qui
1157 2734 1316 2787 talem
1343 2753 1533 2787 sonum
1556 2734 1652 2787 de·

628 2820 733 2885 dit,
778 2829 838 2869 nt
882 2834 913 2869 ι
949 2814 1058 2866 bibo
1102 2813 1268 2868 bibax.
1305 2815 1348 2867 A
1392 2814 1655 2867 tintinnax

631 2912 808 2954 autem
848 2894 1231 2947 tintinnaculus
1249 2930 1265 2957 ,
1304 2906 1366 2945 ut
1404 2912 1435 2947 a
1476 2893 1656 2960 bibax,

627 2976 925 3033 bibaculus.
976 2972 1119 3026 Hinc
1168 2974 1483 3025 tintinnaculi
1532 2973 1656 3027 viri.

628 3060 805 3114 Sumt-

720 3156 809 3190 η.
854 3134 969 3187 Nisi
1016 3136 1157 3205 quia,
1204 3132 1307 3185 nisi
1351 3131 1517 3201 quod.
1589 3134 1658 3186 At

627 3230 771 3273 certe
791 3214 973 3268 timeo,

719 3296 812 3349 13.
852 3293 985 3361 Istuc
1018 3291 1133 3342 volo
1167 3302 1221 3343 te
1266 3290 1363 3343 ire.
1388 3290 1658 3345 Videlicet

635 3394 795 3431 unum
854 3371 1161 3443 alloquitur.
1227 3370 1451 3423 Bothius
1510 3369 1660 3425 dedit

631 3462 771 3511 istac.
796 3453 867 3505 N.

722 3554 745 3588 1
760 3540 811 3597 4.
831 3528 1144 3601 Significatis.
1173 3528 1321 3581 Nutu
1337 3568 1353 3595 ,
1379 3541 1469 3581 aut
1493 3528 1657 3583 nictu.

576 3670 579 3675 ,
633 3617 863 3669 Tuum.
888 3640 967 3653 -·
990 3610 1098 3661 Ero
1119 3613 1301 3677 paries.
1336 3607 1550 3661 Medius
1576 3608 1660 3662 in-

634 3708 716 3749 ter
738 3711 835 3747 vos
854 3690 1027 3745 stabo.
1056 3690 1241 3740 Luna.

724 3772 811 3826 15.
859 3768 1002 3840 Quid
1035 3787 1188 3838 puero
1218 3768 1430 3834 factum.
1476 3767 1657 3820 Aulul.

631 3854 734 3918 IV,
755 3872 840 3917 10,
869 3854 962 3915 46.
982 3848 1088 3901 Ins.
1115 3865 1192 3900 vs.
1217 3845 1311 3898 25.
1334 3846 1460 3898 Haec
1480 3844 1552 3898 ed
1575 3864 1662 3899 an-

627 3934 805 3988 cillam
826 3948 993 3983 suam.
1009 3925 1152 3980 Vide
1177 3944 1250 3978 sc.
1276 3926 1437 3996 p'raec.
1458 3944 1535 3980 vs.
1562 3926 1656 3993 59.

720 4014 810 4066 16.
835 4010 1032 4079 Nepoti.
1062 4006 1199 4059 Casu
1240 4003 1517 4058 auferendi
1551 4024 1654 4075 pro

626 4102 844 4164 nepote.
918 4088 996 4139 Ut
1030 4087 1226 4154 furfur-i
1270 4103 1373 4156 pro
1422 4086 1649 4138 furfure.

629 4171 841 4243 Captiv.
866 4166 966 4231 IV,
998 4184 1053 4229 2,
1101 4182 1192 4234 ²7·
1232 4196 1311 4209 --
1355 4165 1473 4215 Istoe
1509 4166 1651 4231 dedi,

610 4272 727 4325 -pro
752 4250 834 4304 isti
846 4285 862 4312 ,
889 4246 1002 4299 scil.
1022 4244 1281 4298 tonsu-ici.
1303 4245 1527 4297 Tuum.

1831 2672 1918 2722 19.
1955 2654 2070 2705 lam
2109 2654 2319 2709 livorem.
2362 2658 2548 2710 Malim
2593 2671 2769 2713 tamen

1741 2734 2033 2788 rescribere
2061 2736 2258 2787 leoooem
2271 2757 2293 2798 ,-
2317 2755 2422 2807 qua
2441 2756 2570 2791 voce
2601 2740 2774 2793 utitur

1742 2825 1796 2869 et
1816 2814 2030 2867 Lucret.
2049 2814 2144 2867 lib.
2161 2816 2243 2867 IV
2263 2834 2279 2869 ε
2311 2843 2333 2863 ι
2419 2817 2567 2870 levor
2590 2819 2774 2873 levore

1743 2906 1950 2947 creatur
1981 2919 2029 2947 ι.
2075 2894 2144 2946 Et
2207 2896 2414 2948 Plinius
2472 2896 2529 2949 in
2587 2900 2768 2952 charta

1743 2972 1901 3026 etiam
1947 2974 2144 3025 levor-em
2188 2975 2411 3045 spectari
2453 2976 2544 3028 ait.
2577 2978 2652 3031 Ut
2693 2978 2773 3030 di-

1743 3064 1862 3105 cet:
1891 3052 2120 3123 ingenua
2147 3054 2245 3107 ista
2285 3056 2614 3109 confessione
2650 3056 2769 3111 effi-

1746 3131 1913 3199 cis,ut
1932 3134 2160 3203 scapula
2182 3147 2310 3198 ωω,
2331 3152 2450 3205 quae
2471 3138 2579 3206 jam
2603 3137 2771 3208 plagis

1743 3229 1943 3281 aspere
1961 3250 1977 3275 ,
2008 3224 2061 3263 et
2079 3250 2095 3276 ,
2120 3226 2179 3265 ut
2203 3212 2325 3266 alibi
2355 3214 2568 3284 legitur,
2589 3229 2773 3269 ostrea-

1749 3302 1812 3342 !oe
1834 3303 1960 3343 sunt
1979 3325 1995 3351 ‚
2025 3292 2165 3344 leves
2191 3293 2324 3346 fient
2355 3312 2369 3346 ε
2407 3292 2537 3346 dum
2569 3296 2771 3349 scilicet

1746 3370 1914 3441 plagis
1941 3371 2094 3423 novis
2127 3390 2237 3424 non
2277 3372 2586 3427 excitantur.
2622 3376 2768 3428 Ptsr.

1747 3480 1828 3491 -
1860 3450 2074 3501 Livor-em
2115 3454 2397 3514 concinnas,
2433 3454 2470 3505 i.
2501 3472 2550 3506 e.
2578 3472 2768 3524 scapu-

1746 3529 1824 3581 las
1854 3528 1951 3581 tibi
1982 3530 2110 3583 facis
2136 3530 2358 3585 liventes
2391 3532 2525 3585 istoc
2551 3526 2766 3601 (facto),

1747 3608 2008 3679 siquidem
2052 3628 2079 3661 a
2121 3621 2174 3661 te
2211 3608 2401 3680 dignas
2427 3612 2629 3683 exigam
2655 3633 2766 3684 poe-

1747 3707 1874 3751 nau
1909 3687 2054 3759 quod
2076 3690 2392 3760 comprobat
2415 3691 2555 3745 infra
2579 3712 2652 3745 vs.
2677 3700 2768 3755 4ο.

1749 3768 1832 3819 De
1855 3769 2022 3821 verbo
2045 3772 2330 3821 concinnare
2351 3769 2476 3823 vide
2499 3772 2696 3843 Amph.
2720 3774 2766 3838 1,

1753 3846 1816 3912 3,
1843 3848 1932 3912 313
1970 3848 2057 3913 11,
2089 3868 2153 3913 2,
2183 3850 2276 3916 96.

1833 3946 1926 3980 π.
1953 3927 2225 3991 Faciam,
2257 3928 2410 3982 facta.

1827 4025 1917 4061 οη.
1940 4007 2079 4058 Hera
2121 4010 2306 4077 major,
2355 4020 2524 4062 mater
2549 4010 2768 4080 virginis

1740 4086 2098 4155 parturientis.
2153 4086 2284 4139 Heri
2339 4090 2564 4159 majores
2615 4101 2768 4161 pater

1740 4178 2016 4233 materque
2050 4166 2300 4223 familias,
2349 4168 2580 4222 minores
2615 4182 2765 4222 erant

1738 4244 1912 4299 liberi.
1945 4246 2088 4298 Asin.
2118 4248 2205 4311 11,
2237 4266 2298 4309 α,
2335 4248 2429 4299 63.
