3067 5017
909 512 1248 582 ACTUS
1298 514 1368 597 1,
1418 514 1766 585 SCENA
1814 518 1913 585 11.

2387 544 2473 618 ¹9

326 636 573 703 Facere
587 632 639 702 ⁴⁸.
675 634 852 704 Nam
887 652 1036 727 quae
1072 632 1294 703 elauta
1336 648 1472 722 est,
1511 637 1641 705 nisi

319 742 626 812 Pei-culta
663 758 797 831 est,
837 766 990 811 meo
1028 744 1300 839 quidem
1338 746 1602 834 animo,
1650 728 1843 840 quzisi
1882 745 2139 818 inlauta
2174 764 2294 821 est.

315 880 481 925 ANT.
519 856 738 923 Miror
773 854 1081 949 equidem
1104 909 1123 943 ‚
1159 880 1388 943 soror,
1433 870 1498 925 te
1538 858 1717 928 istaec
1755 858 1849 927 sic
1885 857 2203 949 fabulari,

311 968 484 1055 Quae
516 980 654 1033 tam
700 964 938 1035 callida
977 966 1044 1033 et
1080 964 1276 1034 docta
1319 966 1409 1035 sis
1451 980 1516 1035 et
1556 966 1789 1037 faceta.
2418 996 2467 1035 as

310 1079 485 1147 Nam
529 1101 738 1169 quom
778 1074 1011 1145 sedulo
1054 1076 1400 1145 munditer
1438 1101 1563 1145 nos
1602 1076 1969 1165 habemu8‚

307 1187 442 1257 Vix
483 1212 790 1282 aegreque
827 1186 1274 1257 amatorculos
1309 1187 1712 1256 invenimus.

305 1322 622 1367 Amet-PH.
665 1301 768 1366 Ita
804 1312 904 1367 est
935 1324 952 1366 ε
993 1322 1226 1367 verum
1267 1298 1398 1367 hoc
1435 1310 1653 1367 unum
1691 1312 1915 1366 tamen
1952 1300 2295 1393 cogitato:

303 1409 553 1478 Modus
585 1409 897 1477 omnibus
927 1411 996 1477 in
1033 1410 1271 1493 rebuS‚
1312 1434 1526 1495 soror,
1563 1422 1922 1503 optumum
1942 1408 2023 1477 'st
2060 1410 2318 1481 habitu.

303 1520 530 1590 Nimia
555 1520 784 1589 omnia
811 1521 1099 1589 nimium
1128 1518 1447 1588 exhibent
1466 1521 1814 1614 negotium
1846 1518 2237 1591 hominibus
2265 1546 2347 1591 ex
2374 1548 2469 1597 se.

301 1653 470 1700 ANT.
521 1632 752 1718 Soror,
791 1630 1046 1724 cogita,
1084 1630 1360 1716 amab0‚
1398 1630 1557 1698 item
1596 1654 1719 1698 nos
1767 1630 2149 1723 perhiberi,
2411 1654 2461 1693 ει

301 1739 514 1831 Quasi
553 1736 718 1807 falsa
757 1739 1111 1808 muriatica
1155 1763 1296 1807 esse
1331 1754 1772 1808 autumantur

298 1850 458 1917 Sine
503 1849 690 1917 omni
729 1848 1000 1943 lepore,
1045 1865 1112 1918 et
1149 1850 1292 1918 sine
1327 1852 1689 1939 suavitate,

293 1959 439 2029 Nisi
483 1957 702 2028 multa
739 1985 914 2053 aqua
951 1984 1164 2053 usque
1201 1974 1268 2028 et
1307 1959 1423 2027 diu
1469 1976 1929 2047 macerantur3

293 2068 500 2138 Olent
517 2122 538 2156 ‚
571 2069 740 2139 salsa
766 2086 957 2154 sunt,
979 2086 1250 2168 tangere
1277 2084 1355 2139 ut
1383 2095 1520 2139 non
1556 2069 1757 2140 velis:
1781 2072 1941 2139 item
1964 2096 2089 2141 nos
2108 2096 2359 2141 sumus,
2404 2094 2455 2135 35

293 2178 456 2273 Ejus
490 2180 762 2249 seminis
797 2179 1112 2247 mulieres
1149 2192 1342 2267 sunt3
1380 2179 1651 2248 insulsae

291 2289 716 2378 Admodum,
756 2305 956 2384 atque
992 2291 1359 2359 invenustae
1379 2292 1540 2358 sine
1578 2289 1913 2359 munditia
1949 2306 2017 2359 et
2054 2306 2305 2361 sumtu.

289 2422 547 2470 M1LPH.
605 2404 841 2494 Coqua
907 2416 1008 2469 est
1069 2399 1210 2469 haec
1261 2400 1575 2495 quidem,
1620 2401 2124 2495 Agorastocles»,
2188 2418 2267 2471 ut
2322 2428 2447 2499 ego

583 2535 874 2605 opinor:

180 2704 186 2710 ,
247 2684 251 2691 .
288 2621 424 2690 Scit
465 2622 818 2690 muriatica
858 2634 932 2689 ut
976 2635 1282 2690 maceret.
1321 2644 1538 2691 AGo‘R.
1578 2621 1767 2711 Quid
1804 2618 2169 2691 molestus?

286 2754 590 2800 ADELPH.
629 2734 871 2819 Soror,
911 2756 1144 2825 parce,
1191 2731 1464 2816 amabot,
1496 2745 1598 2800 sat
1633 2747 1735 2800 est
1782 2731 1952 2799 istuc
2002 2728 2171 2800 alios
2217 2731 2435 2803 dicere

577 2840 772 2910 nobis
805 2897 823 2927 ‚

2384 2858 2439 2899 40

282 2949 384 3020 Ne
421 2968 686 3023 nosmet
723 2968 950 3022 nostra
984 2952 1184 3021 etiam
1229 2952 1390 3021 vitia
1425 2952 1809 3045 loquamur.

280 3105 432 3175 quit,
463 3106 646 3159 nullus
685 3118 764 3159 est
793 3105 1104 3165 muliebris..
1133 3123 1312 3176 neque

280 3202 402 3237 eum
445 3185 642 3239 scimus
677 3186 850 3239 facere
878 3184 1126 3239 fricando
1156 3198 1208 3238 et
1227 3185 1312 3239 la-

276 3262 500 3316 vando·
514 3265 877 3321 ‚Plautinum
927 3278 1038 3330 est,
1083 3262 1310 3319 modum

274 3342 511 3397 lavando
533 3345 734 3409 faeere,
755 3362 857 3415 pro
880 3346 1070 3397 modum
1089 3344 1309 3399 lavandi.

251 3422 354 3485 ,Ita
383 3443 516 3480 eum
551 3425 683 3477 alibi
723 3425 834 3477 scio
867 3426 1180 3495 loquutum.
1211 3424 1308 3477 Se-

274 3504 498 3572 quitur:
551 3530 575 3553 ιι
601 3505 740 3557 Nam
779 3523 898 3575 quae
941 3504 1116 3557 elauta
1149 3518 1228 3560 est
1255 3528 1306 3557 υ.

271 3582 408 3635 Nam
435 3584 540 3637 nisi
569 3583 764 3637 modus
787 3582 1310 3650 adhibeatur-lavan-

270 3660 354 3727 di,
396 3682 460 3717 ea
500 3682 622 3734 quae
655 3664 818 3717 nimis
846 3664 1024 3717 elauta
1060 3676 1170 3730 est,
1203 3682 1305 3719 neo

271 3754 449 3795 tamen
472 3762 530 3797 se
555 3744 853 3815 perfectam
882 3757 1036 3815 putat
1057 3784 1074 3809 ,
1112 3764 1214 3815 pro
1237 3742 1304 3795 il-

266 3821 406 3875 lauta
433 3835 512 3874 est
536 3822 804 3877 habenda.
837 3824 1303 3877 SALMS.--Meur·

265 3900 374 3953 sius
408 3921 510 3972 pro
553 3906 726 3956 scimus
759 3904 934 3971 facere
971 3904 1106 3975 legit
1143 3922 1304 3955 sumus

264 3994 463 4035 ,κείω-ω.
487 3981 604 4035 Alii
625 3984 866 4038 retinent
880 3983 1086 4050 facere,
1117 3981 1305 4036 addito

260 4079 494 4127 pausam,
523 4062 616 4115 vel
643 4062 854 4115 modum.
895 4063 1142 4116 Salmasii
1175 4080 1306 4115 con-

259 4140 462 4208 jectura
482 4143 846 4212 probabilior.
873 4144 942 4197 N.

343 4220 435 4275 23.
453 4221 572 4277 Nisi
591 4222 824 4292 per-‘culta
841 4222 920 4277 ’5t.
935 4221 1052 4275 Hoc
1076 4218 1212 4293 quid
1235 4220 1303 4277 sit

1403 3104 1518 3175 ipsa
1544 3103 1681 3157 mihi
1708 3101 1927 3157 videtur
1958 3074 2241 3175 explicare.
2261 3123 2339 3160 vs·
2361 3107 2435 3161 88

1404 3203 1555 3256 seqq.
1582 3184 1653 3237 N.

1467 3266 1584 3317 ⁶32.
1615 3263 1905 3317 Muriatica.
1932 3262 2097 3317 Aliud
2130 3275 2209 3317 est
2242 3267 2429 3327 muria,
2487 3316 2489 3319 ,

1401 3342 1549 3395 aliud
1581 3362 1778 3413 garum.
1811 3342 1949 3395 Nam
1982 3346 2140 3395 muria
2180 3360 2245 3393 ex
2276 3342 2437 3413 thyn-

1399 3441 1805 3492 norum,gamm
1822 3440 1887 3475 ex
1910 3424 2285 3478 scombrorum
2310 3424 2434 3475 tabe

1397 3502 1787 3568 conficiebatur
1822 3520 1837 3554 :
1876 3520 1999 3573 quae
2032 3516 2086 3555 et
2122 3502 2437 3571 liquaminis
2528 3506 2535 3511 '

1395 3584 1645 3649 nomine,
1679 3595 1733 3635 et
1770 3582 1999 3653 liquoris
2035 3581 2307 3635 sociorum
2339 3601 2433 3637 vo-

1397 3663 1641 3716 cabatur.
1680 3662 1751 3715 Et
1792 3663 1949 3711 muria
1984 3678 2285 3733 pauperum
2322 3674 2437 3714 tan-

1396 3755 1512 3796 tum
1539 3755 1654 3795 erat
1684 3760 1696 3793 z
1738 3752 1925 3795 contra
1950 3758 2127 3808 garum
2164 3740 2428 3794 divitum:

1395 3822 1547 3885 unde
1576 3835 1630 3875 et
1648 3822 1889 3888 fastosum
1908 3838 1939 3871 a
1963 3820 2239 3885 Martiale,
2266 3822 2435 3885 XIII,

1397 3902 1569 3973 epigr.
1600 3921 1725 3964 102,
1750 3910 1995 3954 vocatur.
2021 3902 2064 3953 A
2085 3900 2265 3953 muria
2284 3898 2435 3956 arida

1397 3982 1577 4052 ταρίχη
1621 3980 1849 4051 piscium
1884 3994 2143 4033 vocarunt
2170 3980 2435 4041 Romani,

1398 4080 1522 4133 quae
1545 4060 1769 4113 omnino
1799 4076 1913 4112 uno
1944 4062 2165 4113 nomine
2192 4058 2439 4129 Septem·

1399 4140 1715 4193 trionalium
1745 4139 1933 4209 lingua
1977 4138 2143 4193 hodie
2186 4138 2443 4195 dicuntur

1399 4218 1646 4290 stockfish.
1676 4220 1815 4273 Nam
1848 4218 1956 4271 nisi
1982 4218 2241 4290 diu-aqua
2266 4232 2445 4271 mace-

2132 4328 2198 4371 2.
