3067 5017
835 371 1175 443 ACTUs
1224 373 1326 458 V,
1377 338 1719 445 S'CENA
1768 373 1901 443 1v.
2342 373 2435 470 ⁸7

287 500 514 594 Digna
563 498 718 567 diva
767 497 1256 567 venustissuma
1293 499 1607 567 Venere:
1652 521 1871 591 neque
1919 497 2243 566 contemsi
2294 497 2439 592 ejus

579 633 750 703 opus
781 606 1020 692 hodie3
1533 676 1541 680 -

283 723 500 788 Tanta
537 720 628 788 ibi
666 721 858 814 eopia
903 732 1327 787 venustatum
1373 717 1605 786 aderat
1630 771 1651 805 ‚
1688 717 1759 786 in
1804 741 1927 788 suo
1968 741 2251 812 quaeque
2288 717 2439 788 loeo

579 830 704 898 sita
748 828 1024 898 munde.
2412 851 2437 889 ⁵

285 939 578 1010 Arabius
617 939 1144 1031 murrhinusque
1177 937 1436 1008 omneis
1468 937 1639 1006 odor
1673 936 2061 1031 conplebat:
2087 937 2273 1007 haud
2301 965 2441 1008 sor-

581 1047 740 1118 dere
786 1049 970 1117 visus
1013 1062 1114 1116 est
1175 1045 1193 1058 ⁹
1860 1113 1871 1122 .
2420 1051 2433 1062 ’

286 1167 522 1233 Festus
561 1163 733 1251 dies,
771 1169 1007 1234 Venus
1029 1216 1050 1249 ,
1087 1187 1210 1232 nec
1257 1177 1453 1232 tuum
1493 1161 1730 1230 fanum
1761 1189 1778 1233 :
1824 1175 2051 1232 tantus
2087 1163 2181 1232 ibi
2225 1163 2440 1234 elien-

580 1289 804 1344 tarum
845 1288 990 1342 erat
1031 1297 1382 1360 numerus,

283 1385 455 1472 Quae
481 1383 569 1452 ad
594 1383 1028 1479 Calydoniam
1054 1397 1378 1454 venerant
1389 1386 1745 1454 Venerem.
1770 1385 1975 1454 Certo
2004 1384 2185 1454 enim
2204 1439 2228 1474 ,
2251 1386 2438 1480 quod

577 1494 848 1588 quidem
886 1495 970 1563 ad
1005 1519 1131 1562 nos
1174 1493 1341 1562 duas
1822 1571 1831 1578 ‚

287 1604 642 1694 Adtinuit,
669 1606 1178 1702 praepotenteiS,
1211 1603 1544 1699 polehrae,
1582 1607 1901 1700 pacisque
1934 1608 2299 1700 potenteiS,
2334 1633 2441 1676 so-

577 1741 716 1800 ror,
759 1715 1012 1784 fuimus
1047 1740 1063 1782 :

289 1826 532 1920 Neque
568 1826 653 1894 ab
684 1827 1040 1920 juventute
1071 1825 1162 1893 ibi
1203 1823 1566 1894 inridiculo
1606 1824 1850 1896 habitae
1878 1854 1895 1896 ε
1926 1826 2131 1921 quod,
2154 1825 2292 1922 pol,
2330 1852 2438 1896 so-

577 1961 715 2024 ror,
753 1937 1008 2005 eaeteris
1051 1935 1370 2004 omnibus
1408 1933 1775 2005 faetum’st.

286 2069 602 2114 ADELPH.
647 2045 884 2114 Malim
925 2047 1098 2114 istuc
1135 2043 1287 2114 aliis
1325 2046 1420 2117 ita
1456 2044 1802 2134 videatur,
1840 2073 2043 2140 quam
2085 2050 2185 2118 uti
2222 2065 2296 2120 tu
2334 2067 2439 2140 te,

575 2181 797 2245 soror,
839 2155 1222 2226 conlaudes.
1267 2180 1431 2226 ΑΝΤ.
1465 2160 1679 2250 Spero
1716 2157 2046 2250 equidem.

285 2291 588 2354 Amara.
632 2272 758 2355 Et,
795 2266 944 2361 pol,
987 2292 1157 2362 ego;
1185 2291 1431 2362 quom„
1465 2268 1755 2361 ingeniis
1788 2268 2035 2362 quibus
2068 2292 2301 2342 sumus
2340 2289 2439 2342 at-

577 2403 712 2472 que
748 2377 932 2462 alim,
975 2401 1380 2470 congnoscO.

282 2491 378 2556 Eo
402 2513 636 2559 sumus
663 2504 883 2582 guatae
911 2512 1152 2582 genere
1169 2541 1190 2574 ‚
1221 2502 1296 2554 ut
1321 2487 1553 2556 deceat
1576 2513 1699 2556 nos
1724 2511 1867 2556 esse
1902 2513 1942 2556 a
1976 2487 2175 2582 eulpa
2204 2505 2437 2559 castas.

285 2623 462 2668 ΗΑΒ.
491 2601 782 2693 Jupiter,
812 2600 928 2694 qui
956 2623 1172 2692 genus
1197 2597 1362 2673 eolis
1383 2597 1641 2692 alisque
1668 2597 2019 2667 hominum
2039 2649 2061 2678 ‚
2088 2624 2210 2692 per
2238 2624 2439 2693 quem

573 2709 865 2776 vivimus
910 2707 1184 2777 vitalem
1220 2733 1433 2777 aevum
1458 2760 1479 2792 ‚

365 2873 415 2905 ι.
468 2852 870 2925 Mure-binusque.
920 2855 1084 2907 Recte
1129 2871 1144 2906 ε
1192 2871 1318 2907 nam
1406 2871 1508 2923 ego
1543 2853 1788 2904 futurum
1822 2849 2069 2917 confido,
2109 2863 2171 2904 ut
2197 2870 2298 2905 nos
2322 2853 2441 2904 lau-

281 2933 557 2988 murrhata
582 2934 738 3004 potio
765 2934 894 2986 Deis
917 2931 988 2986 ad
1010 2932 1320 3004 pulvinaria

280 3009 581 3066 addebatur
603 3053 620 3078 ‚
675 3033 846 3083 quum
895 3014 1116 3066 illorum
1171 3011 1320 3066 festis

279 3090 570 3146 delubrum
585 3107 889 3146 ornaretur.
901 3093 1088 3146 Festus
1108 3093 1164 3146 in
1183 3093 1322 3144 Mun-

283 3172 448 3224 rlaeata.
485 3173 746 3226 Garun.
781 3205 862 3215 —
888 3171 1032 3226 Vide
1065 3171 1318 3226 Pseudol.

287 3252 372 3316 11,
407 3259 440 3316 4
459 3291 476 3318 ,
512 3251 604 3306 51.

369 3337 424 3395 4.
454 3333 612 3404 Opus.
637 3333 856 3404 Lipsius
882 3354 1026 3404 opes,
1058 3343 1226 3384 recte.

365 3430 420 3479 9.
452 3413 800 3484 Pmpmteritec‘s
813 3445 830 3474 2
869 3431 972 3484 pro
1002 3411 1320 3466 formosissi-

285 3489 429 3544 mis:
460 3491 606 3546 unde
631 3505 688 3546 et
707 3494 871 3560 sortes
909 3513 1010 3564 pro
1042 3491 1320 3556 formosis,

283 3583 336 3622 et
365 3586 554 3628 eontra
573 3573 781 3643 pulcher
802 3591 906 3644 pro
935 3572 1064 3626 forti
1085 3591 1100 3622 z
1125 3594 1147 3614 ι
1163 3573 1319 3624 Satus

287 3649 522 3706 Hercule
546 3655 744 3724 pulcro
770 3653 964 3706 Pulcer
974 3651 1246 3705 Aventino
1269 3676 1318 3702 ιι.

289 3729 603 3786 ΡΑεεκιι.--
628 3735 872 3804 Paci-eque
888 3735 1146 3803 potenteis,
1173 3747 1322 3784 eom·

287 3823 441 3878 potes
469 3825 752 3878 votorum,
785 3813 986 3867 favoris
1008 3830 1172 3882 quem
1197 3824 1325 3881 pre-

291 3903 422 3944 eatae
455 3911 660 3946 sumus.
697 3921 720 3941 ι
741 3893 1044 3962 Pacemque
1079 3909 1178 3962 per
1211 3907 1328 3942 aras

293 3972 586 4042 exquirunt
607 3999 629 4020 ιι
655 4011 672 4039 .,
701 3977 827 4026 AEn.
849 3972 954 4024 lv,

391 4069 479 4104 ια.
517 4054 774 4124 Et,-pol,
813 4071 940 4121 ego,
985 4063 1085 4104 etc.
1124 4049 1335 4101 Obscu-

1407 2932 1543 2986 dent
1570 2945 1731 3004 atque
1755 2929 2139 2986 commendent
2160 2931 2252 2984 alii
2268 2971 2285 2995 ‚
2302 2949 2441 3002 μω-
2512 2953 2521 2962 ·

1411 3013 1595 3068 sertim
1630 3031 1799 3082 quum
1838 3010 2076 3080 recogito
2111 3011 2306 3082 quibus
2339 3030 2439 3064 nos

1409 3092 1578 3145 simus
1612 3091 1837 3163 ingeniis
1856 3130 1875 3157 ‚
1907 3092 2016 3143 hoe
2045 3104 2156 3157 est,
2198 3092 2437 3161 optimis,

1407 3185 1574 3242 atque
1598 3172 1742 3236 aliae,
1768 3189 1967 3241 nempe
2000 3171 2197 3240 quihus
2222 3172 2330 3224 sint
2354 3172 2439 3222 inv

1407 3251 1604 3322 geniis„
1652 3269 1922 3323 quamque
1968 3250 2256 3322 eorruptis.
2298 3252 2440 3304 Nam

1411 3343 1536 3400 post
1556 3331 1645 3384 illa
1660 3369 1678 3397 ,
1699 3343 1845 3402 atque
1868 3331 2010 3393 alioe,
2039 3330 2439 3400 subintelligen-

1409 3409 1579 3474 dum,
1615 3411 1703 3464 vel
1746 3413 1849 3464 ἀπὸ
1881 3417 1969 3462 τοῦ
2002 3415 2159 3463 κοινοῦ
2196 3422 2446 3481 repeten-

1411 3488 1579 3556 dum,
1617 3491 1816 3562 quibus
1870 3490 1977 3542 sint
2029 3489 2259 3560 ingeniis
2297 3509 2310 3540 ε
2366 3489 2443 3541 ita

1411 3569 1591 3624 omnia
1623 3571 1781 3640 plana
1812 3583 1955 3623 sunt.
1986 3569 2278 3622 Boxuonn.

1498 3670 1521 3704 1
1538 3657 1592 3712 4.
1625 3650 1779 3704 Colis.
1821 3650 1993 3704 Colere
2032 3661 2239 3702 veteres
2282 3649 2444 3702 etiarn

1411 3727 1695 3793 dicebant,
1752 3748 1917 3800 quum
1958 3729 2131 3800 major
2179 3729 2446 3782 minorem

1414 3807 1666 3882 diligeret
1689 3847 1703 3874 ,
1754 3821 1815 3860 ut
1855 3808 2051 3878 virgil.
2094 3809 2281 3861 Bueol.
2322 3810 2407 3862 111
2439 3827 2453 3842 ·

1425 3915 1446 3936 ο
1469 3891 1571 3942 Ille
1606 3889 1739 3946 colit
1770 3899 1941 3940 terras
1966 3914 1989 3934 ι
2012 3926 2029 3952 ,
2064 3889 2179 3942 scil.
2210 3889 2450 3959 Jupiter.

1420 3969 1675 4023 Sssnvms.
1706 3998 1788 4008 ·—
1828 3967 2041 4020 Vitatom
2080 3989 2249 4024 ωνιιιιι.
2284 3969 2449 4024 AEvm

1424 4047 1561 4102 dixit
1586 4061 1639 4100 et
1670 4049 1885 4100 Lueret.
1915 4047 2009 4101 lib.
2038 4049 2129 4102 111
2154 4067 2169 4101 ε
2216 4073 2239 4095 ι
2268 4067 2451 4101 ...nou

305 4129 418 4186 rius
445 4131 668 4186 dictum.
695 4135 967 4190 Sententia
989 4143 1096 4184 est:
1125 4130 1196 4186 Et
1213 4145 1338 4182 saue
1429 4147 1647 4182 omnem
1670 4127 1837 4198 possit
1858 4125 2055 4186 durare
2078 4148 2179 4200 per
2200 4145 2374 4184 aevum
2402 4153 2425 4176 n
2440 4165 2452 4180 .
