3067 5017
820 468 1162 538 Ac‘rus
1212 469 1347 553 lv,
1411 470 1742 540 scENA
1802 473 1931 540 IV.
2312 472 2452 573 275

308 619 381 665 D.
401 594 641 688 Gripe,
667 592 944 660 advorte
963 592 1295 659 animum:
1314 607 1384 659 tu
1403 593 1632 684 paucis
1649 594 1915 688 expedi,
1938 596 2099 687 quid
2120 597 2456 690 postulas?

302 730 414 784 ΤΒ.
439 705 597 774 Dixi
627 701 931 796 equidem
962 701 1114 769 :sed
1150 702 1204 769 si
1235 726 1474 794 parum
1504 702 1865 791 intellexti,
1898 705 2113 775 dicam
2145 708 2368 779 denuo
2394 738 2409 780 τ

300 819 514 884 Hasce
543 813 808 897 ambas,
847 825 923 878 ut
956 811 1211 879 dudum
1251 812 1423 898 dixi,
1462 814 1554 881 ita
1589 839 1729 881 esse
1761 830 2026 908 oportet
2058 816 2320 888 liberas,
2401 839 2455 878 σο

299 930 460 994 Haec
497 923 774 994 Athenis
808 947 1010 1015 parva
1049 921 1180 990 fuit
1215 923 1407 1017 virgo
1445 923 1782 1017 subrepta.
1812 949 2001 996 GRlP.
2039 929 2170 997 Dic
2206 932 2401 1015 mihi,

300 1035 489 1124 Quid
526 1035 649 1101 ista
679 1032 762 1099 ad
785 1030 1086 1100 vidulum
1112 1033 1476 1126 pertinent,
1501 1059 1706 1102 servae
1728 1035 1860 1104 sint
1888 1036 2057 1123 istae,
2087 1064 2170 1106 an
2193 1038 2456 1112 liberae?

298 1167 561 1215 TRAcH.
590 1143 838 1211 Omnia
865 1143 1106 1211 iterum
1139 1143 1233 1210 vis
1265 1145 1623 1211 memorari
1649 1198 1668 1231 ,
1690 1143 1901 1214 scelus
1920 1200 1939 1233 ,
1966 1162 2041 1214 ut
2061 1147 2263 1219 defiat
2285 1152 2447 1222 dies,

299 1281 512 1325 DAEM.·
535 1253 811 1323 Abstine
853 1251 1253 1338 maledictiS,
1291 1269 1357 1320 et
1393 1255 1594 1341 mihi,
1634 1256 1813 1348 quod
1848 1259 2113 1350 rogavi,
2151 1260 2351 1331 dilue.

295 1390 559 1436 TRACH.
609 1362 951 1434 Cistellam
1007 1363 1194 1432 isteic
1248 1365 1460 1435 inesse
1512 1380 1782 1458 oportet
1832 1367 2149 1436 caudeam
2196 1373 2267 1438 in
2323 1375 2451 1442 isto

591 1472 862 1559 vidulo,
2401 1507 2451 1544 σε

296 1587 435 1657 Ubi
475 1599 633 1653 sunt
669 1587 896 1679 signa,
929 1583 1045 1675 qui
1077 1585 1414 1676 parenteis
1449 1609 1773 1678 gnoscere
1809 1587 1949 1655 haec
1980 1590 2185 1683 possit
2218 1617 2403 1680 suos,

295 1697 721 1786 Quibuscum
765 1719 966 1787 parva
1000 1692 1282 1763 Athenis
1326 1695 1566 1787 periit,
1604 1697 1799 1764 sicuti
1842 1696 1979 1765 dixi
2020 1700 2229 1791 prius.

299 1833 490 1880 emp,
531 1807 792 1900 Jupiter
830 1821 896 1873 te
934 1804 1136 1898 dique
1170 1804 1501 1899 perdant:
1555 1805 1720 1896 quid
1764 1807 1899 1892 ais,
1927 1808 2029 1874 vir
2067 1810 2408 1882 venefice?

295 1914 530 2009 Quid?
562 1917 701 1984 istae
735 1929 933 1983 mutae
977 1928 1170 2004 sunt,
1219 1939 1367 2006 quae
1405 1940 1529 2036 pro
1570 1941 1637 1983 se
1674 1915 1957 1986 fabulari
1989 1942 2124 1985 non
2156 1925 2455 2013 queant?

295 2048 565 2097 TRAGH.
619 2027 717 2094 Eo
769 2037 1024 2110 tacent,
1093 2025 1252 2117 quia
1301 2023 1502 2093 tacita
1550 2025 1769 2096 bona’
1772 2042 1832 2154 st
1890 2027 2134 2096 mulier
2192 2057 2456 2129 semper

591 2159 794 2228 quam
829 2132 1133 2226 loquens,
1952 2168 1957 2174 ·
2403 2179 2454 2217 ,ο

297 2271 492 2319 GRIP.
519 2249 689 2315 Tum
711 2299 729 2331 ,
753 2242 903 2338 pol,
930 2259 1003 2313 tu
1033 2269 1157 2338 pro
1177 2236 1482 2313 oratione
1503 2269 1627 2313 nec
1644 2246 1745 2313 vir
1762 2271 1887 2314 nec
1909 2248 2152 2320 mulier
2173 2218 2447 2324 mihies.

295 2379 562 2428 ΤΒΑΟΗ.
596 2353 946 2444 Quidum?
970 2378 1156 2424 elur.
1195 2355 1373 2443 Quia
1409 2356 1588 2423 enim
1628 2380 1843 2450 neque
1878 2356 2155 2452 loquens
2183 2389 2289 2450 eS,
2328 2390 2445 2434 ne-

587 2490 716 2559 que
752 2479 979 2532 tacens
1016 2489 1315 2557 unquam
1355 2465 1596 2533 bonus
1646 2490 1655 2498 ·

294 2579 574 2667 Quaeso,
636 2600 719 2642 en
766 2599 1064 2668 unquam
1109 2573 1311 2642 hodie
1364 2571 1589 2642 licebit
1636 2573 1804 2642 mihi
1859 2574 2095 2671 loqui?
2128 2596 2319 2657 DAEM.
2371 2585 2442 2654 Si

589 2684 956 2778 praeterhac

292 2797 598 2868 Verbum
636 2794 802 2862 faxis
839 2792 1074 2877 hodie,
1105 2817 1230 2887 ego
1268 2792 1390 2861 tibi
1433 2797 1864 2866 conminuam
1904 2812 2127 2891 caput.

294 2929 555 2976 TRACH.
623 2908 721 2974 Ut
780 2902 849 2971 id
902 2902 1163 2997 obcoepi
1219 2902 1438 2972 dicere
1460 2956 1479 2989 ‚
1531 2929 1773 2995 senex,
1830 2933 2015 2997 eam,
2067 2924 2137 2978 te
2189 2935 2443 3004 quaeso,

587 3011 897 3084 cistulam

295 3128 392 3196 Ut
418 3126 653 3220 jubeas
686 3125 869 3194 hunc
902 3121 1178 3192 reddere
1217 3121 1367 3194 illis.
1404 3125 1514 3194 Ob
1554 3151 1697 3194 eam
1737 3127 1790 3195 si
1820 3129 1983 3222 quid
2018 3131 2317 3223 postulat

296 3238 442 3307 Sibi
464 3235 788 3304 mercedis
810 3288 829 3321 ,
853 3234 1129 3303 dabitur
1151 3260 1170 3320 3
1197 3231 1379 3302 aliud
1404 3235 1737 3330 quidquid
1762 3237 1854 3305 ibi
1880 3253 2012 3323 est,
2035 3239 2277 3310 habeat
2292 3245 2445 3324 sibi,

295 3370 484 3417 amr.
520 3351 720 3419 Nunc
759 3345 1029 3414 demum
1069 3345 1240 3414 istuc
1277 3344 1478 3432 dicis,
1526 3347 1845 3440 quoniam
1880 3350 1991 3442 jus
2027 3376 2249 3419 meum
2301 3379 2441 3425 esse

591 3454 960 3548 intellegis:

295 3593 402 3648 pro
425 3595 456 3625 a
484 3593 556 3624 me
587 3574 818 3626 Mostell.
850 3575 953 3638 IV,
988 3574 1018 3626 3
1040 3613 1056 3639 ,
1083 3575 1174 3640 31,
1218 3575 1322 3626 heic

295 3657 338 3709 i.
361 3673 416 3726 q.
445 3653 579 3725 apud
602 3653 784 3718 me,1‚
813 3655 876 3717 3,
909 3657 996 3706 60.
1027 3653 1096 3707 N.

381 3732 474 3787 65.
509 3732 772 3786 Gaudeam.
821 3758 844 3778 «ι
867 3732 1082 3785 Caudea
1124 3732 1324 3784 cistella

296 3833 326 3867 e
370 3816 566 3885 junco,
619 3832 650 3865 a
703 3811 1060 3864 similitudine
1114 3812 1322 3880 equinae

297 3893 479 3947 caudae
504 3893 639 3945 facta
657 3918 704 3944 ι.
734 3891 885 3943 ΕἘετ.

1410 3575 1516 3628 hoc
1556 3575 1820 3646 loquendi
1858 3577 2045 3631 Tacito
2088 3587 2440 3651 pei-crebrum

1409 3667 1565 3708 notat
1609 3656 1849 3727 Lipsius,
1894 3676 2054 3728 quem
2099 3660 2223 3716 vide
2268 3667 2439 3738 Epist.

1411 3735 1507 3787 lib.
1535 3736 1609 3800 V,
1652 3735 1849 3799 Quaest.
1884 3739 1985 3801 23,
2018 3737 2257 3810 itemque
2294 3747 2439 3802 Men.

1415 3815 1490 3880 V,
1509 3832 1575 3867 ..1
1601 3815 1809 3867 Doum-

1495 3911 1527 3961 7
1543 3913 1588 3946 1.
1616 3893 1719 3944 Pro
1739 3898 1971 3959 oratione,
1990 3895 2048 3949 id
2066 3913 2144 3953 est
2148 3917 2439 3972 ,quantum

380 3979 472 4043 67.
502 3972 673 4024 Periit.
695 3972 904 4040 Captiv.
935 3971 1048 4033 ΙΙΙ,
1078 3977 1140 4033 4,
1165 3969 1220 4022 5.

383 4073 414 4122 7
463 4092 475 4105 .
511 4054 687 4104 Tacita
715 4051 840 4102 bona
863 4063 949 4102 est.
977 4049 1325 4120 subintellige

297 4151 485 4201 magu,
524 4132 609 4185 vel
634 4136 814 4202 potius.
851 4129 1108 4200 Sophocl.
1137 4128 1324 4195 γυναιξὶ

297 4212 478 4282 κόσμον
499 4214 529 4269 ἡ
561 4213 672 4281 σιγὴ
698 4212 847 4281 φέρει.
867 4209 1324 4263 Linum—Genus

1411 3990 1476 4023 ex
1502 3972 1749 4025 oratione
1784 3987 1875 4026 tua
1912 3977 2150 4046 colligo:
2192 3997 2251 4035 ut
2280 3989 2442 4042 verba

1413 4051 1558 4104 facis.
1606 4051 1811 4123 Amph.
1852 4054 1907 4117 Ι,
1956 4075 1978 4108 1
2017 4077 2028 4106 :
2064 4060 2255 4116 «Meus
2294 4081 2443 4137 pater

1413 4148 1563 4182 nunc
1589 4149 1691 4200 pro
1719 4131 1879 4204 hujus
1912 4136 2086 4188 verbis
2110 4157 2253 4196 recte
2282 4156 2335 4197 et
2366 4167 2447 4200 sa·

1413 4209 1625 4280 pienter
1652 4211 1825 4266 facit·
1840 4214 1932 4267 ..J
1957 4215 2105 4270 Gtu..

2100 4307 2207 4378 18.
