3067 5017
553 379 706 473 1'12‘
1285 399 1951 488 PSEUDOLUS‚

545 525 845 596 Salutem
890 523 1135 609 mittit,
1172 535 1237 590 et
1273 521 1555 590 salutem
1594 521 1711 590 abs
1749 534 1814 590 te
1852 523 2136 617 expetit,

538 641 950 708 Lacrumans
989 633 1305 702 titubanti
1345 633 1611 716 animo,
1650 633 1881 718 corde,
1928 648 1996 701 et
2034 647 2321 726 pectore.

537 773 690 818 οη.
737 742 944 814 Perii!
987 742 1264 813 salutem
1305 767 1633 837 nusquam
1680 743 1987 826 invenio,
2038 737 2399 831 Pseudole‚

537 862 761 949 Quam
799 855 892 924 illi
923 855 1279 925 remittam.
1321 877 1418 923 ps,
1454 854 1679 941 Quam
1710 853 1987 922 salutem
2010 853 2040 922 P
2066 879 2225 924 cn..
2250 859 2685 950 Argenteam.

540 988 786 1038 PSEUD.
837 969 963 1037 Pro
1004 961 1292 1057 lignean'
1331 961 1542 1052 salute
1588 965 1683 1032 vis
1725 975 2103 1056 argenteam
2486 960 2494 970 ’
2634 983 2690 1032 45

539 1080 908 1146 Remittere
940 1074 1085 1143 illi?
1126 1074 1311 1161 vide,
1351 1076 1473 1159 εἰς,
1512 1101 1711 1167 quam
1756 1090 1830 1143 tu
1863 1101 2002 1142 rem
2050 1099 2260 1169 geras.

541 1212 698 1258 cu„
737 1187 970 1257 Recita
1011 1184 1214 1252 modo
1253 1208 1269 1251 ε
1313 1208 1394 1251 ex
1429 1182 1729 1266 tabellis,
1761 1183 1895 1278 jam
1942 1183 2094 1252 faxo
2118 1239 2137 1271 ‚
2172 1185 2370 1274 scieS‚

541 1300 767 1388 Quam
815 1297 1038 1366 subito
1074 1310 1354 1389 argento
1395 1293 1489 1362 mi
1531 1317 1691 1362 usus
1732 1295 2009 1362 invento
2049 1294 2191 1364 siet.

543 1429 786 1478 Psssuo.
827 1413 1014 1478 Leno
1057 1430 1163 1472 me
1203 1429 1482 1499 peregre
1515 1404 1715 1474 militi
1754 1405 2191 1476 Macedonico

541 1518 751 1586 Minis
786 1517 1026 1611 viginti
1070 1513 1412 1598 vendidit,
1458 1513 1764 1608 voluptas
1806 1537 1991 1584 mea:
2644 1531 2697 1571 ⁵⁰

542 1631 626 1695 Et
665 1629 1054 1721 priusquam
1096 1625 1251 1692 hin-c
1284 1623 1484 1710 abiit,
1533 1625 1914 1718 quindecim
1953 1623 2142 1694 miles
2182 1627 2393 1695 minas

542 1737 877 1822 Dederat3
921 1761 1102 1804 nunc
1143 1759 1288 1802 unae
1326 1736 1623 1828 quinque
1670 1750 2095 1804 remorantur
2130 1737 2345 1804 minae.

541 1851 645 1916 Ex
678 1871 875 1915 causa
919 1843 1104 1913 miles
1150 1845 1297 1912 heic
1333 1843 1604 1938 reliquit
1640 1843 2013 1939 symbolum
2044 1900 2063 1933 ‚

542 1959 938 2050 Expressam
983 1957 1052 2022 in
1090 1979 1241 2023 cera
1280 1980 1360 2022 ex
1396 1954 1600 2023 anulo
1646 1981 1833 2024 suam
1885 1933 2285 2050 imaginem,

538 2071 636 2138 Ut
679 2067 794 2162 qui
841 2065 974 2133 huc
1013 2064 1303 2134 adferret
1340 2067 1484 2158 ejus
1523 2066 1806 2135 similem
1840 2067 2255 2160 symbolum,
2646 2086 2697 2124 ⁵⁵

545 2180 722 2247 Cum
768 2201 846 2243 eo
886 2173 1081 2243 simul
1125 2200 1229 2242 me
1265 2175 1581 2246 mitteret.
1625 2178 1706 2246 Ei
1752 2179 1848 2245 rei
1894 2177 2033 2246 dies

540 2292 700 2357 Haec
738 2286 1113 2379 praestituta
1138 2283 1216 2352 ’st
1238 2337 1255 2368 ,
1299 2311 1627 2379 proxuma
1659 2288 2007 2381 Dionysia.

480 2449 486 2456 -
545 2421 708 2468 CAL.
757 2399 923 2464 Cras
955 2418 1029 2462 ea
1069 2394 1342 2488 quidem
1387 2411 1546 2463 sunt
1583 2423 1600 2464 ε
1640 2421 1849 2490 prope
1886 2395 2071 2466 adest
2105 2397 2381 2464 exitium
2418 2395 2622 2480 mihi,

545 2501 692 2579 Nisi
731 2505 892 2600 quid
935 2507 1099 2574 mihi
1135 2507 1204 2573 in
1242 2522 1304 2574 te
1338 2522 1434 2574 est
1474 2506 1699 2575 auxili.
1736 2533 1979 2578 PSEUD.
2016 2508 2174 2576 Sine
2208 2506 2564 2602 perlegam.

540 2645 698 2690 cm..
739 2620 902 2687 Sino
927 2672 945 2702 ‚
989 2643 1145 2686 nam
1181 2618 1343 2685 mihi
1375 2618 1611 2686 videor
1644 2645 1795 2687 eum
1833 2645 1908 2688 ea
1952 2617 2347 2704 fabularier3
2646 2637 2737 2686 ὅσ.

541 2734 759 2824 Lege,
809 2727 1002 2796 dulce
1041 2753 1479 2822 amarumque
1525 2755 1662 2797 una
1700 2755 1881 2798 nunc
1916 2730 2151 2796 misces
2191 2727 2379 2797 mihi.

542 2864 784 2910 PSEUD.
819 2843 1022 2910 Nunc
1061 2840 1272 2908 nostri
1314 2865 1609 2927 amoreS‚
1649 2866 1867 2910 mores
1890 2894 1909 2926 ‚
1948 2839 2502 2924 consuetudinem,

536 2954 740 3018 Jocus
767 3002 785 3035 ‚
825 2948 1059 3034 ludus,
1093 2931 1351 3036 serum,
1388 2952 1609 3018 suavis
1647 2951 1923 3018 saviatio
1952 3004 1971 3036 ‚

545 3061 1074 3154 Conpressiones
1117 3074 1317 3128 arctae
1355 3076 1702 3130 amantum
1738 3085 2130 3155 comparum
2158 3112 2177 3146 ,

631 3267 724 3331 45.
767 3267 868 3320 Pro
913 3268 1092 3337 lignea·
1118 3268 1290 3319 salute.
1329 3268 1470 3332 Quia
1499 3280 1577 3322 ta·
1676 3287 1801 3322 nam
1830 3270 1912 3322 vel
1952 3283 2233 3322 moerentes
2267 3271 2517 3341 jocantur
2557 3266 2703 3338 apud

547 3349 704 3410 bella}
723 3365 754 3400 e
777 3349 939 3418 ligno.
957 3346 1119 3400 Unde
1135 3361 1186 3399 et
1207 3347 1365 3400 ovid.
1388 3350 1577 3400 Amor.
1672 3347 1944 3401 Plautum.
1972 3350 2153 3402 Aulul.
2176 3351 2259 3412 11,
2292 3347 2351 3412 3,
2389 3367 2476 3401 1².
2508 3348 2701 3401 Catull.

551 3431 608 3492 1,
651 3447 700 3492 1,
740 3446 831 3492 υ,
865 3445 950 3480 ens
976 3438 1136 3480 vocnt
1155 3465 1169 3489 ,
1190 3428 1358 3478 inutile
1373 3428 1577 3496 lignum.
1685 3455 1706 3476 ι
1732 3428 1941 3482 dulcem·
1962 3431 2107 3482 curis
2128 3431 2312 3482 miscet
2334 3425 2631 3481 amaritiem
2654 3451 2703 3482 n.

633 3515 721 3574 49.
773 3509 981 3576 Peregre
1029 3498 1286 3572 vendidit,
1336 3507 1371 3558 i.
1407 3526 1454 3559 e.
1494 3527 1579 3560 me
1762 3513 1849 3562 62.
1884 3511 2079 3573 Mor-es,
2122 3508 2341 3562 vivendi
2387 3507 2591 3562 modos.
2623 3535 2705 3552 —-·

547 3587 822 3649 vendidit,
855 3600 915 3640 ut
946 3605 1171 3658 peregre
1201 3585 1456 3640 abducar.
1485 3588 1579 3640 El·
1683 3589 2089 3652 Consuetudines,
2134 3589 2407 3649 συνουσίας.

547 3669 696 3739 lipsis
725 3667 884 3737 hujus
921 3667 1112 3718 similis
1143 3667 1377 3736 polliceor·
1395 3668 1575 3731 sot-as,
1762 3673 1853 3732 64.
1897 3673 2159 3721 Amantiam
2186 3687 2473 3738 comparum.
2506 3667 2586 3720 Ex
2612 3683 2705 3719 ve·

549 3750 750 3802 scilicet
789 3767 860 3797 me
905 3760 1139 3801 eoenatum
1176 3750 1371 3798 iturum.
1399 3747 1576 3800 Casin.
1679 3760 1792 3802 tere
1824 3746 1943 3802 cod.
1977 3752 2075 3820 leg.
2104 3763 2228 3800 artoe
2246 3761 2493 3800 amaneum
2512 3763 2707 3818 comptu

552 3829 670 3891 111,
714 3848 780 3892 2,
816 3845 906 3878 21.
936 3827 1007 3878 N.
1043 3855 1122 3866 -—
1153 3827 1309 3878 Militi
1347 3827 1580 3879 Macedo·
1679 3849 1797 3881 rum.
1853 3829 2143 3900 Compar-es
2196 3842 2319 3882 eunt
2372 3831 2582 3900 σύζυγοι.
2639 3827 2706 3878 In

548 3911 675 3962 nico.
701 3905 1030 3969 Scriverius,
1055 3906 1363 3958 Macedonio.
1678 3925 1862 3962 amore
1902 3923 2188 3980 usurpatur
2222 3907 2290 3961 de
2333 3907 2544 3960 duobus
2586 3924 2707 3978 quae

635 3987 726 4042 53.
753 3986 1048 4057 Symbolum.
1080 3984 1208 4037 Vid.
1247 3987 1472 4056 Argum.
1515 4007 1543 4038 2
1562 4025 1578 4053 ,
1677 3989 1817 4040 inter
1849 3993 1905 4042 s'e
1945 4001 2139 4041 amant.
2169 3989 2354 4042 Horat.
2387 3986 2493 4040 Od.
2514 3988 2567 4039 ΙΙ
2586 4025 2601 4052 ,
2628 3985 2659 4037 5·
2688 4002 2703 4037 τ

551 4081 604 4120 et
631 4068 819 4120 Bacch.
841 4067 925 4130 11,
947 4067 997 4130 3,
1031 4083 1124 4133 ²9-
1687 4091 1707 4114 α
1732 4067 1987 4121 Nondum
2010 4070 2192 4122 munia
2222 4067 2487 4140 comparis
2508 4071 2706 4137 AEque-

631 4150 724 4200 61.
750 4147 927 4200 Misces
948 4184 964 4211 ,
1005 4146 1230 4198 verbum
1260 4146 1534 4216 potorium
1565 4164 1579 4201 :
1678 4167 1736 4201 re
1765 4150 1921 4203 valet.
1946 4149 2091 4200 Lus.
