3067 5017
676 478 809 553 150
1404 480 2068 562 PSEUDOLUS‚

664 630 877 677 HARP.
906 600 1093 693 Quid
1119 606 1289 671 istuc
1318 602 1503 670 verbi
1541 602 1679 671 est?
1713 628 1956 673 Psnun.
1989 603 2262 673 Condus
2300 628 2573 697 promus
2610 627 2757 671 sum
2784 654 2806 691 ‚

955 731 1352 807 procurator
1388 713 1569 807 peni.

660 849 873 896 HARP.
907 824 1119 912 Quasi
1157 838 1223 890 te
1266 822 1447 891 dicas
1482 822 1859 892 atriensem.
1899 845 2066 892 Psnu
2083 846 2145 891 0.
2188 824 2337 889 Imo
2369 822 2640 890 atriensi
2675 846 2805 914 ego

946 932 1202 1026 inpero.
2755 947 2805 985 15

658 1068 871 1115 HARP.
900 1042 1087 1133 Quid
1112 1056 1186 1109 tu
1209 1095 1228 1127 ‚
1264 1065 1574 1110 servosne
1612 1067 1680 1109 es
1703 1096 1721 1128 ‚
1760 1068 1846 1110 an
1882 1042 2105 1111 liber?
2140 1065 2384 1111 PSEUD.
2416 1046 2620 1113 Nunc
2655 1042 2808 1134 qui-

951 1151 1103 1220 dem
1142 1151 1341 1219 etiam
1381 1152 1620 1219 servio,

658 1288 879 1335 HARP.
917 1267 1022 1332 Ita
1057 1260 1320 1347 videre,
1359 1275 1423 1327 et
1458 1286 1595 1329 non
1634 1260 1856 1329 videre
1893 1260 2135 1355 dignus
2172 1260 2287 1355 qui
2327 1258 2496 1328 liber
2532 1260 2675 1328 sies,

657 1397 905 1445 PSEUD.
940 1373 1097 1440 Non
1132 1369 1301 1439 soles
1339 1370 1667 1464 respicere
1705 1384 1802 1458 te,
1836 1396 2040 1465 quom
2077 1362 2258 1438 dicas
2287 1369 2533 1465 injuste
2568 1368 2808 1437 alteri?

658 1508 877 1555 HARP.
908 1486 1107 1550 Hunc
1141 1481 1488 1549 hominem
1517 1479 1770 1549 malum
1803 1506 1940 1551 esse
1967 1476 2255 1575 oportet.
2291 1504 2541 1549 PSEUD.
2572 1480 2662 1549 Di
2695 1505 2808 1547 me

954 1604 1223 1661 servant
1258 1604 1455 1683 atque
1492 1604 1742 1659 amant.

659 1707 833 1778 Nam
864 1703 1003 1771 haec
1031 1700 1197 1769 mihi
1224 1701 1411 1768 incus
1436 1714 1534 1769 est
1560 1726 1574 1768 :
1608 1701 1976 1795 procudam
2005 1726 2129 1797 ego
2151 1702 2353 1770 hodie
2369 1701 2529 1769 hiuc
2554 1699 2809 1769 multos

952 1810 1161 1881 dolos.
2753 1845 2812 1871 ,ο

660 1948 881 1994 HARP.
927 1921 1115 2011 Quid
1157 1918 1295 1988 illic
1334 1945 1559 1989 secum
1595 1918 1774 1989 solus
1810 1891 1929 2015 ioq
1979 1922 2163 1990 itur?
2203 1945 2438 1991 Psnun.
2481 1921 2667 2011 Quid
2705 1922 2812 1990 ais

959 2046 1064 2118 tu,
1097 2028 1533 2100 adulescens?
1566 2055 1781 2101 HARP.
1807 2018 1945 2121 Qu
2025 2031 2174 2100 est?

664 2166 911 2219 PSEUD.
944 2143 1121 2208 Esne
1161 2156 1267 2229 tu,
1306 2166 1390 2208 an
1429 2166 1566 2209 non
1609 2166 1710 2228 eS,
1748 2139 1831 2208 ab
1872 2140 1987 2209 illo
2025 2140 2235 2209 milite
2271 2141 2704 2225 Macedoni0‚

664 2257 908 2323 Servos
947 2252 1093 2344 ejus
1127 2252 1244 2345 qui
1279 2251 1438 2319 hinc
1472 2275 1511 2319 a
1549 2251 1744 2320 nobis
1778 2265 1878 2319 est
1920 2266 2249 2320 mercatus
2287 2249 2668 2339 mulierem,

662 2362 803 2451 Qui
842 2361 1104 2454 argenti
1132 2360 1299 2427 hero
1326 2360 1475 2427 meo
1507 2360 1735 2443 lenoni
1763 2360 2146 2454 quindecim
2178 2361 2452 2430 dederat
2478 2363 2722 2447 minaS‚

656 2472 983 2566 Quinque
1014 2470 1257 2538 debet?
1286 2494 1501 2539 HARP.
1534 2472 1698 2539 Sum
1730 2495 1745 2537 ε
1782 2470 1895 2538 sed
1928 2471 2044 2538 ubi
2075 2486 2152 2539 tu
2183 2497 2292 2539 me
2315 2470 2606 2567 gnovisti
2644 2495 2812 2565 gen-

953 2595 1121 2648 tium
1142 2632 1163 2666 ‚

658 2696 795 2762 Aut
815 2690 1071 2777 vidisti,
1085 2702 1205 2758 aut
1226 2687 1658 2759 conlocutus?
1673 2715 1828 2759 nam
1853 2670 2162 2787 equidem
2175 2692 2472 2763 Athenas
2486 2691 2812 2761 antidhac

657 2896 1031 2951 Domitianum
1078 2894 1311 2948 Tertull.
1356 2892 1425 2947 de
1473 2896 1647 2948 Pallio
1663 2934 1680 2961 ‚
1777 2896 2006 2967 epulari.
2075 2900 2146 2950 At
2205 2902 2438 2951 atrienses
2457 2940 2473 2964 ,
2529 2900 2808 2971 principes

658 2977 785 3048 quia
806 2978 960 3037 laune,
980 2988 1041 3029 ut
1068 2972 1142 3027 ait
1160 2973 1439 3027 Ausonius
1454 3012 1471 3039 ,
1492 2977 1680 3027 ealcum
1775 2978 1918 3030 servi
1942 2976 2273 3033 tricliniares.
2301 2979 2444 3033 vide
2475 2980 2689 3033 Asinnr.
2713 2982 2806 3041 ΙΙ,

658 3058 788 3108 dixit
836 3076 927 3107 sua
972 3055 1128 3107 Roma
1176 3054 1417 3107 Neronem
1453 3073 1474 3106 .·
1515 3073 1680 3126 quern
1786 3074 1837 3122 1,
1872 3060 1960 3111 16.

658 3136 785 3189 alibi
810 3134 952 3187 idem
972 3132 1203 3187 Tertull.
1222 3146 1277 3187 et
1286 3136 1558 3204 portionem
1576 3135 1681 3189 Ne·
1867 3138 1958 3190 18.
2003 3137 2121 3191 Non
2160 3140 2282 3190 soles
2332 3142 2563 3209 respicere
2607 3152 2668 3192 te.
2715 3140 2810 3195 Sic

659 3220 791 3267 tonis
813 3228 988 3268 vocat.
1020 3214 1108 3267 Sic
1128 3213 1409 3283 subpo-omns
1429 3213 1548 3267 Mil.
1578 3214 1680 3279 111,
1778 3216 2005 3270 Trucul.
2029 3218 2058 3267 1
2075 3256 2091 3283 ,
2123 3238 2150 3270 2
2173 3238 2185 3269 :
2219 3244 2242 3267 ι
2261 3218 2373 3282 Qui
2393 3220 2620 3272 alterum
2641 3221 2803 3273 incu-

663 3314 691 3347 2
713 3333 729 3360 ,
768 3312 833 3347 12
851 3332 867 3358 ,
890 3292 951 3346 id
968 3306 1049 3347 est
1065 3331 1081 3357 ,
1113 3292 1294 3345 minor
1317 3312 1568 3363 promus.
1593 3294 1681 3347 Sic
1779 3307 1859 3348 sat
1877 3296 2086 3365 probri,
2107 3315 2232 3349 eum
2249 3316 2304 3351 se
2316 3298 2515 3351 intueri
2528 3312 2776 3369 oportet·
2796 3341 2811 3354 .

655 3375 928 3443 sublingIO,
976 3372 1126 3443 quasi
1178 3373 1357 3425 minor
1407 3373 1674 3443 liguritor,
1864 3392 1955 3441 19.
1992 3375 2208 3438 Malum,
2250 3378 2478 3431 vafrum.
2511 3378 2654 3432 Vide
2681 3380 2810 3431 Mil.

654 3454 752 3507 inf.
774 3454 887 3521 ΙΙΙ,
922 3473 977 3517 2,
1016 3452 1139 3505 103.
1169 3444 1463 3505 Gnou.⁴‘-
1478 3452 1675 3505 Percu·
1772 3454 1886 3511 111,
1922 3452 1987 3520 3,
2025 3473 2080 3522 9.
2393 3452 2396 3457 ’
2533 3502 2536 3505 ,

654 3534 783 3586 tiam
807 3532 955 3584 idem
974 3550 1157 3584 sensus
1171 3568 1187 3597 ,
1210 3532 1306 3602 qui
1326 3530 1675 3601 tangere.Vid.
1861 3552 1947 3587 20.
1973 3534 2103 3587 Nam
2126 3536 2230 3586 hoec
2249 3537 2364 3587 mihi
2379 3538 2514 3589 incus
2532 3548 2619 3600 est.
2639 3538 2808 3605 MSS,

654 3612 817 3683 Epid.
833 3614 906 3678 V,
940 3632 993 3677 2,
1022 3612 1117 3679 39.
1778 3612 1884 3663 haee
1905 3649 1923 3679 ,
1983 3613 2132 3685 quod
2175 3615 2289 3667 sine
2336 3635 2488 3669 mora
2534 3618 2806 3687 recipien-

742 3699 831 3755 14.
879 3693 1179 3743 Procurator
1234 3694 1371 3759 peni.
1427 3690 1629 3742 Glossae
1659 3710 1672 3741 z
1775 3689 1924 3745 dum.
1945 3694 2032 3746 Sic
2059 3694 2202 3746 enim
2233 3696 2502 3759 malebant
2527 3696 2806 3751 interdum

656 3773 935 3835 Aniensis,
987 3766 1263 3839 ὃιαιτοίριος
1284 3808 1301 3833 ,
1358 3764 1671 3838 ὃιαιτάρχης.
1775 3771 2106 3842 loqui.'Vide
2137 3772 2207 3827 ad
2238 3774 2452 3829 Senecae
2483 3776 2701 3829 Consol.
2731 3776 2804 3829 ad

670 3851 831 3902 Dtaeta
861 3852 979 3903 aliis
1005 3862 1081 3902 est
1110 3852 1315 3901 coenatio
1330 3870 1351 3910 ‚·
1395 3848 1509 3901 aliis
1543 3849 1680 3901 habi-
1776 3850 2064 3916 Marciam,
2100 3872 2218 3924 cap.
2251 3872 2342 3921 19.
2369 3862 2434 3907 Et
2463 3856 2590 3909 hinc
2616 3856 2807 3909 firma-

688 3933 785 3982 uio
818 3933 870 3980 in
894 3931 1060 3981 hortis.
1094 3928 1384 3981 Sidonius:
1422 3930 1544 3981 «Ex
1581 3928 1678 3980 tri·
1775 3940 1896 3995 tur,
1927 3930 2076 4003 quod
2110 3933 2166 3984 in
2199 3926 2398 4005 Amph.
2423 3936 2514 3997 ΙΙ,
2559 3957 2586 3989 2
2607 3974 2622 4001 ,
2672 3940 2742 3992 82
2782 3956 2798 3988 ε

655 4010 819 4063 clinio
845 4009 899 4060 in
928 4008 1141 4061 diaetam
1172 4008 1281 4059 sive
1314 4008 1676 4061 coenatiuncu-
1783 4035 1807 4057 ι
1840 4010 2118 4081 Siquidem
2153 4014 2266 4065 haec
2301 4016 2410 4082 jam
2437 4014 2635 4067 mulier
2660 4014 2805 4071 facta

652 4092 769 4142 lum
795 4089 859 4141 fit
884 4089 1131 4141 transitus
1152 4113 1174 4134 u
1187 4125 1199 4139 .
1228 4086 1458 4141 Glossar.
1478 4083 1677 4149 δίαιτα,
1777 4102 1854 4141 est
1874 4108 1940 4141 ex
1959 4091 2077 4142 viro
2097 4117 2144 4144 ι.
2171 4092 2350 4145 ΟΒΟΝ.

654 4172 709 4223 τὸ
727 4170 967 4239 ὑπερῷον,
985 4167 1311 4221 Coenaculum.
1327 4168 1546 4220 Servius
1555 4171 1676 4220 AEn.
1862 4188 1890 4221 2
1904 4188 1926 4221 1
1940 4207 1954 4221 .
1979 4170 2118 4239 Quid
2135 4174 2208 4222 ais
2235 4183 2303 4221 tu.
2323 4170 2502 4223 Aulul.
2522 4172 2627 4239 IV,
2649 4193 2682 4243 9
2698 4214 2716 4240 ,
2741 4195 2798 4245 7.

654 4252 714 4316 Ι,
752 4249 931 4313 asserit
972 4260 1175 4300 veteres
1221 4244 1277 4297 in
1312 4247 1449 4299 atrio
1488 4247 1676 4300 solitos
1775 4272 1853 4283 --
1877 4248 2189 4301 Adulescens.
2223 4250 2382 4303 Cure.
2412 4251 2522 4316 ΙΙΙ,
2559 4271 2609 4316 1,
2648 4274 2743 4321 ²9·
