3067 5017
616 367 755 453 550
958 438 971 447 ,
1051 437 1062 446 ,
1386 365 2020 453 ΩΠΕΒΟΒΠ8,.
2133 430 2140 435 .

614 491 1083 565 tantummodo
1129 516 1267 559 rem
1314 488 1664 570 indicavit,
1711 485 2138 555 fraudulento
2177 500 2244 553 et
2283 485 2562 579 perfido.
2625 487 2754 555 Cui

614 620 837 674 tamen
878 604 1015 671 sive
1049 600 1300 670 oblitus
1334 601 1470 669 sive
1506 620 1996 692 supervacuum
2035 611 2315 690 putam,
2351 596 2432 665 de
2457 596 2657 665 busto
2691 611 2758 664 et

616 713 815 783 titulo
872 711 1041 781 nihil
1092 711 1387 805 exponit.
1453 705 1756 798 Querolo
1789 708 1982 799 juxta
2026 706 2239 775 fatum
2297 706 2426 775 hoc
2485 706 2753 776 sufficit.

614 828 819 895 Nunc
852 847 1013 917 ergo
1058 821 1407 889 thesaurus
1457 818 1744 887 habetur
1786 815 2101 886 omnibus
2141 817 2416 910 ignotus
2453 830 2518 883 et
2559 831 2759 885 notus

618 947 861 1001 tamen.
902 936 1067 1001 Erat
1103 954 1261 999 sane
1308 926 1501 997 facile
1540 928 1736 996 nobis
1771 950 2012 995 aurum
2055 925 2330 994 domino
2367 926 2758 1010 ostendere,

618 1056 735 1111 aut
781 1064 1102 1133 responso
1123 1051 1161 1127 ,³
1202 1053 1323 1108 aut
1370 1036 1654 1107 somniO.
1703 1036 1838 1106 Sed
1879 1051 1956 1104 ut
2006 1052 2372 1129 agnoscant
2415 1037 2765 1118 homineS‚

621 1151 876 1219 nemini
925 1148 1175 1218 auferri
1216 1172 1444 1242 posse,
1480 1146 1664 1241 quod
1713 1146 1970 1215 dederit
2005 1148 2232 1231 DeuS,
2269 1173 2510 1217 aurum
2533 1202 2552 1235 ‚
2579 1148 2766 1243 quod

620 1260 779 1329 fidei
832 1258 1023 1332 malae
1072 1258 1400 1329 creditum
1446 1273 1580 1341 est,
1631 1256 1814 1326 furto
1853 1258 2380 1329 conservabitur.
2427 1262 2566 1327 Fur
2602 1284 2766 1354 ergo

618 1372 759 1464 jam
797 1395 979 1439 nunc
1014 1367 1229 1438 aderit
1258 1422 1277 1453 ‚
1315 1393 1436 1462 per
1470 1393 1669 1462 quem
1710 1367 1907 1436 nobis
1939 1366 2117 1435 salva
2157 1394 2260 1437 res
2297 1367 2443 1437 erit.
2490 1372 2622 1437 Iste
2656 1394 2767 1437 or·

624 1506 783 1549 nam
825 1505 1037 1573 quum
1074 1482 1435 1573 repererit,
1468 1479 1746 1547 bustum
1781 1479 2047 1572 putabit
2081 1505 2095 1547 ε
2144 1480 2236 1547 sic
2278 1477 2391 1552 ille
2430 1480 2772 1572 prospexit

622 1617 841 1661 senex.
858 1590 1159 1660 Praedam
1184 1590 1298 1683 qui
1330 1589 1700 1681 abstulerit,
1725 1589 2118 1683 reportabit,
2137 1605 2490 1683 totumque
2515 1590 2770 1673 reddet,

634 1698 801 1799 [qui]
826 1714 1013 1795 parte
1041 1713 1396 1769 contentus
1418 1696 1608 1797 [non]
1633 1700 1784 1769 fuit.
1802 1703 2041 1794 Itaque
2057 1700 2228 1771 bene
2251 1701 2540 1794 perfidus
2575 1700 2770 1770 alteri

630 1810 929 1882 fraudem
983 1810 1214 1896 infert,
1257 1809 1574 1878 damnum
1615 1811 1761 1879 sibi.
1815 1814 2068 1880 Tamen
2109 1836 2192 1878 ne
2228 1810 2475 1879 frustra
2527 1820 2773 1880 memet

630 1920 963 2005 videritiS‚
1016 1943 1348 2013 exponere
1396 1918 1700 2013 quaedam
1739 1918 1914 1989 volO.
1959 1921 2302 2011 Querolus
2360 1924 2485 2011 iste
2522 1937 2770 2003 noster,

632 2033 805 2100 sicut
841 2032 1085 2116 nostiS,
1121 2028 1435 2097 omnibus
1470 2045 1572 2098 est
1606 2029 1954 2119 molestus,
1989 2032 2152 2125 ipsi,
2185 2033 2244 2100 si
2277 2031 2376 2101 fas
2415 2047 2552 2118 est,
2583 2035 2772 2102 Deot

634 2141 839 2210 homo
876 2139 1154 2208 ridicule
1209 2138 1603 2227 iracunduS‚
1645 2141 1868 2235 itaque
1909 2142 2227 2213 ridendus
2273 2144 2508 2239 magise
2547 2145 2774 2213 Disse-

637 2277 782 2320 rere
809 2274 961 2318 cum
991 2251 1207 2319 isthoc
1235 2249 1481 2343 volupe
1513 2266 1646 2337 est,
1682 2267 1750 2320 et
1773 2252 2121 2322 confutare
2149 2280 2389 2323 vanam
2422 2255 2775 2324 hominum

640 2361 1006 2429 scientiam.
1038 2364 1275 2429 Fatum
1302 2360 1544 2455 ,itaque
1565 2361 1704 2455 jam
1734 2388 1918 2431 nunc
1953 2377 2020 2431 et
2059 2364 2403 2434 hominem
2439 2391 2475 2433 e
2514 2365 2776 2435 diverso

638 2469 964 2538 audietis:
1002 2494 1120 2538 vos
1150 2469 1479 2560 judicium
1508 2474 1770 2543 sumite.
1812 2474 2108 2542 Genium
2141 2491 2366 2545 autem
2404 2478 2612 2572 ipsius
2641 2502 2780 2561 esse

638 2604 747 2647 me
766 2593 1127 2672 ,quantum
1163 2578 1305 2648 fieri
1322 2583 1652 2674 potuerit,
1673 2584 2050 2655 cautissime
2069 2585 2472 2673 confitebor,
2489 2612 2572 2655 ne
2599 2586 2782 2681 quod

641 2690 808 2756 mihi
854 2688 1051 2765 faciat
1087 2686 1361 2759 malum.
1419 2692 1596 2761 Nam
1642 2692 2039 2765 maledicere
2083 2696 2390 2765 mihimet
2433 2722 2780 2791 nunquam

643 2812 852 2867 cessat
885 2796 995 2865 ille
1028 2813 1253 2868 noctes
1290 2816 1357 2869 et
1390 2800 1548 2871 dies.
1591 2803 1723 2873 Sed
1753 2830 1986 2875 eccum
2023 2808 2243 2900 ipsum
2279 2807 2483 2877 audio
2515 2834 2530 2876 ε
2570 2808 2779 2877 fatum

643 2925 709 2977 et
746 2906 1083 2977 fortunam
1126 2908 1441 2980 clamitat.
1486 2916 1622 2983 Iste
1649 2914 1736 2983 ad
1766 2941 1880 2983 me
1918 2915 2100 2987 venit
2139 2942 2156 2986 :
2202 2934 2463 3011 patrem
2505 2944 2783 3015 peregre

642 3033 987 3087 mortuum
1020 3019 1297 3090 audivit.
1332 3023 1501 3109 Hui,
1541 3048 1742 3117 quam
1779 3028 2070 3120 graviter
2106 3026 2318 3116 dolet,
2353 3043 2431 3098 ut
2462 3044 2619 3097 sunt
2656 3030 2784 3099 hu·

643 3126 879 3199 mana!
914 3128 1117 3198 credo
1139 3184 1158 3217 ,
1210 3131 1367 3223 quia
1407 3133 1592 3204 nihil·
1616 3133 1927 3225 relietum
1963 3140 2441 3235 comperitrEt
2464 3140 2626 3233 quid
2661 3164 2786 3235 ego

648 3238 1083 3309 nunc-facio?
1127 3239 1393 3310 avolare
1451 3242 1611 3313 hinc
1669 3246 1892 3319 subito
1940 3273 2079 3316 non
2121 3273 2394 3342 possum
2436 3276 2455 3317 :
2499 3250 2786 3319 nimium

646 3338 895 3419 memet
932 3349 1207 3419 credidi.
1245 3354 1650 3446 Opportune
1683 3357 2087 3453 armigerum
2117 3359 2278 3429 hinc
2302 3361 2664 3431 tridentem
2689 3362 2786 3430 vi-

648 3458 796 3542 deo,
819 3454 1225 3553 praesidium,
1256 3460 1503 3547 hercle,
1532 3490 1669 3533 non
1695 3465 1970 3537 malum.
2004 3468 2346 3558 Querolus
2377 3472 2431 3539 si
2469 3470 2789 3540 molestus

650 3595 788 3637 esse
848 3569 1049 3638 hodie
1101 3596 1239 3640 non
1292 3571 1668 3663 destiterit,
1713 3576 1953 3651 faciam
2006 3594 2084 3649 ut
2145 3596 2467 3675 queratur
2518 3581 2785 3675 justius,

648 3680 847 3748 Unde
899 3697 1039 3751 esse
1088 3682 1217 3751 hoc
1264 3684 1525 3755 dicam?
1581 3688 1947 3761 Piscatores
2005 3718 2200 3762 mane
2243 3694 2372 3763 hac
2422 3696 2788 3788 praeterisse

650 3790 785 3858 vidi
810 3820 834 3869 J
876 3792 1034 3885 ipsis
1076 3792 1245 3862 forte
1281 3794 1411 3865 hoc
1450 3798 1714 3870 excidit.
