3067 5017
642 536 770 609 172
1378 512 2045 595 PSEUDOLUS,

621 738 1174 761 §dv-mmmmm
1178 737 1265 757 m
1271 737 1638 757 mmmm
1643 738 1916 757 mmm
1921 736 2102 757 mm
2105 738 2754 759 meQbU-fflm

1010 931 1509 1037 ACTUS
1585 932 2382 1065 QUARTUS.

1218 1401 1658 1491 SCENA
1729 1400 2197 1491 PRIMA.

1246 1624 1791 1695 PSEUDOLUS
1814 1675 1834 1708 ‚
1883 1625 2161 1692 SIMIA.

633 1868 881 1913 psum).
922 1798 1036 1915 SI
1095 1865 1395 1936 unquam
1457 1858 1865 1934 quemquam
1913 1838 1983 1907 di
2035 1838 2447 1909 inmortaleis
2510 1840 2786 1911 voluere

926 1976 1065 2021 esse
1104 1950 1354 2020 auxilio
1392 1950 1699 2043 adjutum
1722 2004 1743 2036 ‚

626 2067 802 2133 Tum
839 2088 947 2131 me
974 2077 1043 2129 et
1063 2060 1481 2132 Callidorum
1517 2076 1854 2131 servatum
1882 2058 2120 2129 volunt
2153 2085 2329 2147 esse,
2360 2075 2428 2129 et
2457 2058 2783 2129 lenonem

927 2174 1357 2258 exstinctum,

629 2283 859 2371 Quom
885 2296 950 2351 te
977 2282 1356 2376 adjutorem
1391 2306 1682 2375 genuere
1723 2281 1925 2363 mihi,
1956 2295 2093 2349 tam
2123 2279 2397 2350 doctum
2429 2281 2781 2350 hominem

921 2407 1124 2487 atque
1162 2407 1480 2461 astutum.

630 2502 765 2599 Sed
807 2504 926 2571 ubi
975 2501 1113 2571 illic
1158 2500 1311 2570 est?
1364 2526 1599 2569 sumne
1648 2526 1772 2594 ego
1815 2502 2021 2570 homo
2061 2501 2414 2594 insipienS‚
2467 2502 2580 2595 qui
2633 2501 2785 2569 haec

924 2636 1187 2680 mecum
1228 2626 1494 2705 egomet
1541 2610 1781 2705 loquor
1818 2610 2045 2680 solus?

632 2723 844 2793 Dedit
884 2722 1088 2792 verba
1140 2721 1346 2806 mihi,
1392 2720 1652 2808 hercle,
1711 2736 1789 2788 ut
1824 2722 2107 2815 opinor;
2155 2719 2374 2789 malus
2409 2746 2563 2790 cum
2598 2720 2786 2790 malo

928 2829 1128 2900 stulte
1172 2831 1341 2898 cavi.
2757 2856 2783 2893 s

554 2944 558 2953 '
632 2945 807 3011 Tum
827 2994 847 3027 ,
868 2939 1014 3035 pol,
1042 2966 1169 3034 ego
1198 2939 1461 3023 interii,
1500 2938 1706 3009 homo
1736 2941 1789 3031 si
1821 2939 1933 3009 ille
1969 2941 2172 3010 abiit:
2203 2967 2420 3037 neque
2450 2942 2579 3011 hoc
2607 2966 2786 3036 opus

920 3050 1102 3145 quod
1146 3048 1370 3135 volui,
1403 3074 1527 3143 ego
1571 3050 1771 3119 hodie
1807 3051 2130 3121 ecficiam.

635 3161 805 3249 Sed,
838 3187 1113 3253 eccum,
1148 3160 1344 3228 video
1381 3162 1764 3229 verbeream
1805 3177 2092 3231 statuam
2124 3188 2138 3230 ε
2177 3176 2254 3230 ut
2285 3161 2638 3256 magnifice
2679 3162 2789 3227 in-

938 3272 1070 3340 fert
1112 3268 1286 3339 sese!

633 3387 808 3452 Hem
840 3397 906 3451 te
927 3435 948 3468 ‚
991 3378 1247 3466 hercle,
1276 3406 1402 3475 ego
1446 3382 2088 3476 circumspectabam
2120 3410 2136 3452 ε
2168 3383 2369 3451 nimis
2400 3383 2784 3451 metuebam

919 3488 1130 3576 male,
1166 3516 1251 3558 ne
1292 3492 1588 3559 abiisses.

1744 3558 1774 3581 1

712 3683 765 3738 5.
798 3684 967 3737 Malus
997 3704 1103 3757 cum
1138 3684 1285 3737 malo.
1313 3684 1434 3737 Alia
1456 3683 1655 3749 lectio,
1752 3684 1832 3738 illi
1879 3704 1990 3738 non
2039 3684 2425 3737 intellexeruut
2473 3682 2604 3755 quid
2648 3700 2786 3738 esset

626 3762 913 3816 malos.Sed
928 3776 1163 3817 nostram
1178 3777 1321 3817 recte
1335 3763 1659 3835 probatAci-
1752 3784 1918 3817 cavere
1953 3784 2058 3816 cum
2093 3764 2276 3837 aliquo.
2312 3766 2485 3817 Senex
2509 3764 2620 3817 ait:
2657 3790 2679 3812 ι
2703 3777 2796 3826 ιε·-

626 3840 734 3897 dal.
752 3856 803 3896 et
829 3844 1114 3897 confirmat
1145 3844 1267 3896 loco
1297 3862 1359 3895 ex
1398 3844 1557 3897 Most.
1583 3844 1656 3909 V,
1754 3863 1876 3897 cum
1907 3844 2038 3897 mihi
2069 3844 2370 3897 cavendum
2395 3856 2472 3896 est
2493 3870 2514 3890 ι
2541 3882 2556 3907 ,
2588 3843 2643 3897 id
2676 3858 2785 3906 est,

631 3943 659 3975 ω
682 3942 696 3977 :
734 3950 757 3972 ι
788 3924 980 3976 Hercle
1002 3924 1136 3975 mihi
1161 3936 1334 3976 tecum
1354 3922 1656 3975 cavendum
1755 3938 1909 3976 caute
1927 3939 1982 3976 et
1998 3922 2290 3993 prudenter
2313 3921 2597 3993 agendum.
2618 3924 2787 3976 Pseu-

626 4017 707 4056 est
734 4029 756 4050 ι
771 4041 783 4054 .
812 4002 884 4055 At
901 4001 1219 4055 Dissaldaeus
1240 4042 1255 4067 ,
1286 4023 1428 4075 quum
1452 4004 1650 4057 malum.
1753 4002 1939 4057 dolus:
1968 4029 1991 4051 ι
2012 4022 2112 4072 ego
2132 4003 2302 4055 malus
2316 4020 2442 4055 cum
2464 4002 2605 4055 malo
2623 4003 2790 4055 stulte

624 4083 764 4136 Ecce
810 4095 866 4134 et
910 4083 1004 4152 qui
1050 4081 1331 4153 distinguit
1366 4100 1380 4134 :
1436 4109 1459 4129 ι
1492 4081 1652 4135 Dedit
1748 4084 1902 4136 cavi·
1923 4120 1940 4147 ‚
1963 4082 2021 4135 id
2045 4095 2141 4143 est,
2162 4102 2352 4154 parum
2381 4082 2516 4135 mihi
2545 4081 2785 4153 providi,

624 4162 785 4215 verba
814 4202 829 4223 ‚
876 4161 1058 4214 hercle
1076 4201 1090 4224 ‚
1136 4162 1266 4214 mihi
1284 4201 1299 4221 ,
1346 4174 1405 4214 ut
1434 4162 1650 4233 opinor,
1750 4182 1944 4234 parum
1965 4160 2156 4215 callide
2175 4175 2435 4231 cauteque
2459 4163 2560 4231 egi.
2593 4162 2784 4215 Gnou.

628 4242 799 4295 malus
824 4260 944 4295 cum
977 4240 1115 4294 malo
1149 4260 1161 4294 :
1192 4242 1350 4295 stulte
1376 4243 1547 4296 cavi».
1578 4243 1653 4295 At
1836 4261 1889 4311 7.
1923 4243 2072 4295 Ver-b.
2100 4254 2218 4295 stat.
2250 4241 2538 4313 (Ἀρείων,
2566 4261 2617 4307 1,
2645 4242 2741 4293 31.
