3067 5017
879 434 1215 505 AcTth
1262 438 1374 523 11,
1432 436 1771 508 SCENA
1821 436 1925 503 11.
2343 433 2480 506 153

336 584 573 632 psam).
618 557 775 629 Scio
833 557 1178 652 equidem,
1241 573 1320 627 ut
1375 560 1492 653 qui
1544 572 1898 654 argentum
1939 554 2229 627 adferret
2280 574 2482 654 atque

626 692 1006 764 expressam
1048 669 1408 763 imaginem
2101 694 2106 697 ·

333 782 535 849 Suam
560 778 698 847 huc
728 778 816 847 ad
844 802 1002 866 neS,
1039 802 1193 847 cum
1232 803 1313 847 eo
1340 777 1524 848 aibat
1565 776 1734 847 velle
1767 778 1948 848 mitti
1988 776 2363 848 mulierem.
2431 801 2482 841 ες,

333 892 506 961 Nam
542 888 699 958 heic
732 913 1003 983 quoque
1024 887 1400 983 exemplum
1436 888 1708 983 reliquit
1733 889 1895 983 ejus.
1931 914 2147 960 HARP.
2189 891 2481 961 Omnem

629 1025 773 1069 rem
814 1014 1025 1069 tenes.

333 1136 577 1184 Psmm.
619 1112 805 1201 Quid
833 1137 957 1207 ego
990 1112 1062 1180 ni
1091 1110 1401 1181 teneam?
1430 1135 1644 1182 Ham».
1673 1113 1854 1179 Dato
1878 1132 2041 1205 ergo
2065 1110 2266 1179 istum
2301 1135 2480 1205 sym-

625 1221 858 1291 bolum
892 1220 1011 1293 illi.
1056 1246 1298 1292 psum).
1339 1220 1547 1291 Licet.

335 1334 465 1405 Sed
482 1332 653 1427 quid
678 1348 778 1402 est
807 1331 933 1401 tibi
958 1356 1239 1402 nomen.
1225 1333 1254 1386 ³
1278 1356 1493 1402 naar.
1516 1336 1810 1427 Harpax.
1841 1353 2087 1401 psam).
2114 1334 2344 1425 Apage
2373 1345 2440 1399 te
2461 1381 2481 1416 ,

627 1448 940 1537 Harpax,
978 1442 1161 1512 haud
1200 1442 1438 1537 places.

334 1558 485 1623 Huc
530 1553 849 1649 quidem,
902 1552 1163 1640 hercle,
1208 1553 1393 1623 haud
1434 1550 1562 1623 ibis
1603 1554 1821 1639 intr0,
1875 1576 1959 1621 ne
2009 1549 2174 1644 quid
2213 1556 2482 1645 Harpax

632 1663 887 1732 feceris.

336 1774 845 1859 nme.Hosteis
881 1772 1067 1842 vivos
1100 1797 1339 1867 rapere
1376 1771 1560 1843 soleo
1591 1797 1672 1843 ex
1713 1772 1856 1841 acie
1895 1798 1910 1839 :
1950 1796 2030 1840 ex
2068 1769 2198 1839 hoc
2233 1793 2482 1838 nomen

630 1884 798 1953 mihi
823 1882 921 1953 ’st.
2433 1908 2487 1947 σο

334 2018 581 2065 psum).
608 1994 771 2083 Pol,
800 2009 867 2063 te
881 1993 1096 2064 multo
1112 1994 1323 2089 magis
1344 1994 1660 2089 ,opinor,
1678 2017 1834 2091 vasa
1867 1991 2080 2061 ahena
2097 2016 2179 2060 ex
2209 1990 2481 2060 aedibus,

336 2128 550 2175 HARP.
594 2108 753 2176 Non
794 2105 887 2173 ita
901 2104 1025 2175 ’st:
1068 2105 1183 2174 sed
1220 2106 1381 2175 scin’
1425 2103 1591 2199 quid
1631 2118 1698 2173 te
1733 2120 1918 2171 orem
1941 2156 1961 2191 ,
1991 2101 2204 2195 Syre?
2239 2124 2480 2170 psum).

630 2214 850 2284 Sciam
884 2214 939 2283 si
976 2214 1241 2284 dixeris.
1330 2264 1335 2270 -

334 2346 562 2393 HARP.
604 2326 752 2418 Ego
788 2323 1103 2395 devortor
1146 2339 1335 2407 extra
1350 2338 1636 2419 *portam
1681 2324 1818 2392 huc
1860 2323 1930 2391 in
1965 2322 2315 2391 tabernam
2348 2336 2484 2389 ter·

630 2434 829 2523 tiam„
1760 2452 1764 2463 ·

337 2543 544 2639 Apud
574 2569 785 2651 anum
816 2543 1000 2614 illam
1028 2545 1384 2633 doliarem,
1408 2544 1676 2614 cludam
1695 2597 1714 2632 ,
1741 2530 2053 2627 crassam,
2076 2540 2492 2635 Chrysidem.

425 2748 519 2803 55.
546 2748 670 2803 Cum
712 2770 769 2803 eo
808 2709 963 2805 aibat.
1000 2744 1325 2807 Ανακόλουθον
1349 2790 1367 2816 ,
1463 2750 1605 2822 gusti
1634 2748 1700 2803 ad
1731 2746 2055 2803 Horatium=
2086 2732 2326 2799 §Vereri
2351 2746 2488 2799 mihi

336 2846 465 2881 nam
487 2829 748 2901 particula
772 2841 845 2891 ut,
869 2850 986 2903 quae
1008 2850 1167 2903 supra
1197 2832 1367 2903 posita

338 2920 452 2973 est,
481 2928 595 2961 non
618 2909 782 2963 habet
803 2929 927 2965 cum
951 2931 1059 2984 quo
1084 2912 1366 2965 cohaercat.

338 2990 528 3043 Luta.

428 3064 524 3139 57.
558 3068 703 3139 Quid
726 3088 819 3139 ego
849 3073 902 3122 m·
936 3077 1161 3123 teneam?
1204 3070 1370 3124 Affir-

341 3146 529 3201 mandi
566 3148 832 3215 formula,
866 3150 942 3203 ita
980 3150 1196 3221 quidem
1244 3151 1369 3203 scic.

342 3226 465 3280 Mil.
488 3227 558 3299 gl.
582 3229 689 3292 IV,
716 3227 770 3295 3,
799 3248 979 3299 27.-—
996 3230 1148 3282 Licet.
1173 3230 1367 3283 Bacch.

344 3306 406 3373 1,
439 3324 490 3371 1,
516 3326 567 3361 1.
597 3306 667 3359 N.

430 3384 519 3456 59.
542 3388 624 3441 Ne
650 3387 770 3458 quid
792 3386 1005 3458 Harpax
1014 3389 1210 3455 fhcen's.
1236 3390 1367 3443 Aul.

344 3466 434 3529 II,
460 3487 521 3531 α,
568 3471 661 3529 ²4·
690 3498 772 3507 ——-
794 3468 936 3539 Lege
971 3468 1363 3541 Harpagaveris,

346 3545 432 3597 vel
451 3548 857 3618 harpagefecertk.
888 3548 1071 3601 θεων.

433 3629 525 3690 64.
550 3627 827 3679 Doliarem.
847 3628 1128 3693 Nonnulli,
1150 3628 1369 3682 diobola-

348 3724 465 3757 rem.
496 3706 681 3760 'Verba
722 3708 920 3760 Donati
964 3706 1033 3760 ad
1066 3706 1242 3761 Andr.
1270 3710 1371 3774 IV,

356 3790 391 3847 4
413 3806 425 3837 :
453 3808 475 3830 ι
498 3786 791 3858 Proprium
820 3800 897 3841 est
922 3780 1109 3840 auibus
1136 3788 1373 3841 suffarci-

348 3876 500 3917 natus
543 3882 654 3919 esse
680 3882 695 3921 ε
741 3879 801 3919 ut
846 3867 1079 3924 Persius,
1120 3886 1373 3938 pannucea

350 3944 533 3997 Baucis
550 3965 571 4006 ;
600 3958 655 3999 et
675 3946 919 4013 Plautus,
950 3948 1178 3999 doliarem
1196 3984 1211 4011 ,
1236 3949 1375 4000 clau-

354 4024 493 4085 dam,
513 4044 724 4076 crassam
754 4022 894 4079 ».'Et
918 4025 963 4079 is
990 4027 1177 4080 habuit
1205 4029 1376 4081 omni-

354 4122 427 4157 no
468 4104 717 4158 meliores
752 4105 925 4157 Plauti
964 4105 1175 4159 codices
1215 4126 1374 4177 quam

356 4202 499 4237 nunc
536 4186 692 4237 nobis
732 4196 871 4237 sunt.
916 4185 1066 4239 Facit
1099 4185 1232 4239 illud
1269 4196 1376 4239 Au-

1463 2830 1681 2896 videris‚
1708 2847 1779 2882 ne
1807 2830 2034 2900 majores
2061 2826 2230 2879 libelli
2253 2826 2333 2879 tui
2350 2825 2488 2891 sint,

1465 2930 1626 2983 quam
1666 2911 1782 2979 ipse
1825 2926 1898 2961 es.
1935 2904 2041 2961 sed
2078 2907 2121 2959 si
2159 2905 2260 2959 tibi
2291 2917 2490 2959 statura

1466 2990 1642 3055 deest,
1685 2988 1885 3042 ventris
1915 2985 2130 3039 abunde
2165 2997 2260 3039 est.
2302 2987 2492 3056 Itaque

1463 3070 1648 3124 licebit
1686 3069 1744 3121 in
1797 3066 2082 3121 sextariolo
2112 3065 2339 3129 scribas,
2383 3083 2495 3135 quo

1466 3150 1718 3202 circuitus
1745 3144 2036 3200 voluminis
2064 3146 2146 3198 tui
2171 3142 2238 3197 sit
2269 3141 2493 3215 ὄγκωδέ-

1467 3249 1656 3292 ςατος,
1705 3229 1840 3281 sicut
1885 3238 1964 3281 est
2004 3224 2293 3279 ventriculi
2341 3223 2466 3276 tui·

1468 3310 1558 3363 Sic
1596 3310 1810 3362 Nicetas
1855 3309 1910 3361 in
1956 3306 2146 3357 Alexio
2179 3306 2497 3367 Comneno,

1466 3390 1564 3442 lib.
1588 3389 1710 3441 111.
1745 3378 1820 3441 Ex.
1859 3392 1943 3441 τοῦ
1975 3391 2072 3438 τῶν
2110 3390 2378 3454 Κομνηνῶν
2420 3403 2495 3443 τις

1466 3472 1633 3540 γένους
1661 3476 1733 3538 τῷ
1768 3470 1962 3533 βασιλεῖ
1988 3466 2321 3527 &scavis-arat,
2351 3452 2498 3515 Ῐωοίν·

1468 3568 1554 3609 νης
1597 3550 1844 3619 τοῦνομα·
1894 3546 2167 3617 προκοὶλιος
2217 3538 2273 3593 δ’
2311 3562 2374 3597 ων
2410 3542 2494 3595 καὶ

1465 3624 1689 3689 πιθώδης
1710 3630 1798 3687 τὴν
1821 3629 2004 3680 πλάσιν
2027 3631 2114 3677 τοῦ
2137 3623 2392 3693 σώματος,
2413 3624 2494 3675 τὸν

1466 3728 1631 3775 παχυν
1661 3710 1726 3768 εἰς
1761 3708 2016 3775 ἐπωνύμου
2049 3704 2228 3771 εἴληχε.
2263 3706 2334 3755 At
2359 3703 2496 3755 ratio

1469 3789 1665 3851 obstat,
1681 3787 1861 3857 inquit
1881 3786 2159 3839 Gruterus.
2181 3780 2333 3848 Quid
2351 3782 2496 3835 enim

1470 3867 1704 3940 ineptius
1722 3906 1737 3932 ,
1770 3867 1844 3919 ait
1866 3904 1882 3930 ,
1917 3884 2078 3937 quam
2106 3876 2231 3935 post
2261 3862 2496 3915 doliarem

1472 3949 1740 4018 appellare
1767 3954 2016 3997 crassam?
2044 3943 2212 4009 Quasi
2237 3961 2368 3995 vero
2405 3942 2496 3994 do-

1474 4028 1611 4079 lian's
1639 4044 1862 4097 prorsus
1893 4026 1960 4079 sit
1999 4025 2143 4078 idem
2185 4021 2333 4093 quod
2365 4041 2498 4074 cras-

1474 4126 1554 4157 sus
1575 4127 1592 4159 .-
1621 4118 1709 4159 aut
1736 4106 1971 4160 insolens
1997 4108 2066 4160 sit
2092 4105 2284 4157 Plauto
2304 4102 2363 4154 in
2387 4102 2501 4171 epi-

1414 4248 1421 4256 ⁴
1476 4187 1633 4237 thetis
1676 4187 1937 4256 congestis
1986 4186 2144 4243 verba
2184 4182 2501 4254 propinquae
