3067 5017
324 509 1723 537 mmmmmmmmmmm
1728 507 2461 532 mmmmm

593 748 770 868 M.
863 741 1386 868 ACCII
1477 741 2181 864 PLAUTI

793 1014 1532 1096 SARSINATIS
1597 1013 2033 1092 *UMBRI'

507 1273 2297 1558 PSEUDOLUS,

995 1789 1791 1880 PROLOGUS.

321 2243 356 2279 α
377 2173 748 2294 Serum-:1⁸13
785 2213 986 2284 hodie
1021 2213 1226 2303 mihi,
1255 2211 1435 2283 bona
1467 2215 1541 2282 in
1572 2239 1837 2285 scenam
1874 2213 2150 2285 adfero:

315 2351 350 2389 α
374 2326 553 2396 Nam
589 2326 770 2394 bona
799 2326 996 2394 bonis
1032 2324 1192 2393 ferri
1224 2349 1378 2392 reor
1406 2349 1669 2419 aequom
1708 2350 2053 2413 maxume,

317 2435 471 2503 «Ut
499 2433 674 2503 mala
711 2431 936 2521 malis;
977 2447 1093 2517 ut,
1133 2434 1248 2528 qui
1283 2432 1442 2504 mali
1479 2448 1677 2518 sunt,
1713 2433 2007 2504 habeant
2044 2432 2258 2522 mala,

317 2573 352 2608 α
386 2545 526 2633 Qui
561 2545 764 2632 boni,
799 2545 1001 2614 bona.
1038 2545 1260 2614 Bonos
1295 2541 1486 2637 quod
1525 2543 1794 2614 oderint
1826 2542 1987 2612 mali
2017 2594 2038 2630 ,

315 2680 350 2718 α
376 2656 550 2722 Sunt
584 2653 782 2741 mali3
825 2651 1040 2722 malos
1072 2653 1256 2747 quod
1293 2653 1561 2722 oderint
1600 2654 1803 2762 boni,
1847 2653 2065 2720 bonos
2441 2671 2465 2709 ⁵

315 2791 350 2829 α
375 2765 537 2832 Esse
571 2777 888 2857 oportet:
933 2787 1184 2856 vosque
1218 2763 1370 2832 ideo
1403 2764 1562 2832 estis
1593 2734 1791 2849 botii,
1821 2761 2367 2858 quandoquidem

313 2901 349 2937 α
371 2876 650 2967 Semper
679 2873 913 2943 odistis
947 2872 1194 2961 malos3
1225 2887 1293 2943 et
1339 2872 1483 2970 lege
1518 2889 1587 2943 et
1624 2872 1999 2968 legionibus
2048 2935 2061 2944 .

317 3009 354 3048 α
381 2985 523 3051 Hos
558 2981 930 3078 fugitastis,
965 2984 1303 3072 QuiriteS,
1343 2985 1671 3054 subcessis
1704 2984 1923 3053 bonis.

315 3118 351 3154 α
379 3091 557 3161 Huic
599 3115 716 3162 vos
755 3117 940 3164 nune
974 3094 1228 3186 pariter
1259 3094 1508 3164 bonam
1544 3095 1707 3164 boni
1743 3119 2018 3190 operam
2058 3092 2212 3162 date
2244 3091 2467 3187 gregi,

318 3229 354 3265 α
381 3203 521 3292 Qui
557 3202 780 3272 bonus
810 3218 941 3292 est,
977 3217 1046 3272 et
1088 3203 1292 3297 hodie
1323 3204 1408 3273 ad
1446 3206 1663 3274 bonos
1699 3205 1920 3275 adfert
1960 3205 2162 3274 bona.

319 3339 355 3375 ι(
379 3313 656 3401 Aurem,
697 3311 915 3400 oculi,
947 3315 1248 3402 animus,
1291 3313 1603 3409 ampliter
1638 3315 1805 3384 fient
1840 3315 2073 3385 saturi.

322 3449 356 3485 α
379 3424 462 3490 In
499 3445 767 3492 scenam
801 3423 920 3517 qui
946 3423 1219 3518 jejunus
1255 3426 1548 3513 venerit,
1582 3441 1702 3495 aut
1745 3426 2007 3513 sitiens,

319 3559 355 3594 a
379 3535 447 3601 Is
487 3532 628 3602 risu
662 3547 730 3602 et
766 3547 1000 3602 ventre
1033 3559 1184 3604 raso
1221 3533 1530 3630 vigilabit
1566 3534 1837 3621 sedu103

411 3756 462 3792 1.
497 3737 728 3804 Studete‚
771 3750 874 3793 etc.
915 3738 1121 3793 Alienae
1162 3757 1354 3794 manus
1527 3745 1583 3792 6.
1608 3742 1737 3792 Em
1765 3752 1983 3810 oportet,
2012 3737 2215 3792 debent
2244 3739 2435 3795 videri.

325 3830 404 3871 eet
455 3818 546 3871 hic
595 3820 885 3891 prologus,
939 3821 1090 3890 cujus
1143 3831 1353 3872 tantum
1527 3824 1584 3875 8.
1634 3819 1915 3889 Fugieaste's
1933 3859 1950 3882 ,
2022 3818 2473 3888 frequentativum

323 3898 542 3952 ultimos
555 3896 668 3952 duo
685 3917 874 3953 versus
887 3897 1169 3952 Plautinos'
1179 3899 1356 3952 critici
1447 3906 1532 3953 τοῦ
1550 3901 1756 3969 fugare:

327 3991 684 4048 agnoverunt.
731 4009 811 4022 -·
861 3979 1023 4031 Bona.
1077 3979 1356 4050 Ambiguo
1534 3981 1625 4033 13.
1654 3978 1835 4031 Venere
1868 3997 1999 4032 raso.
2026 3977 2119 4032 Est
2142 3981 2293 4050 jocus
2327 3979 2477 4032 inex-

325 4073 508 4121 senmg
541 4076 665 4110 nam
700 4060 848 4112 bona
883 4070 1012 4111 sunt
1041 4077 1158 4130 qun
1187 4059 1358 4129 probe
1449 4071 1737 4130 spectatus,
1755 4056 1997 4110 alludens
2014 4058 2279 4112 adrasum
2298 4071 2479 4130 eaput,

326 4136 557 4208 scriptu
590 4151 644 4191 et
675 4139 816 4192 bona
843 4138 888 4191 si
913 4139 1038 4208 quis
1074 4139 1238 4192 nohis
1261 4137 1358 4192 de·
1445 4139 1538 4192 cui
1568 4138 1747 4208 capilli
1786 4136 2039 4206 deerant,
2080 4151 2141 4192 ut
2180 4138 2271 4192 hic
2304 4139 2481 4192 ventri

329 4213 490 4282 derit,
515 4218 742 4288 gratiam
768 4218 993 4271 meritus
1013 4217 1099 4271 sit.
1127 4219 1195 4272 N.
1449 4218 1535 4272 cui
1564 4218 1737 4274 cibun.
1757 4218 1987 4272 Tuum.
