3067 5017
609 414 751 487 556
1077 422 1091 429 ”
1378 406 2057 502 QUEROLUS‚-‘

602 554 669 609 et
706 552 931 608 mente
972 551 1040 605 et
1083 535 1374 605 nomine.
1416 560 1554 604 ΜΒ
1602 560 1776 605 ΕΔΜ.
1823 532 2115 603 Facilem
2164 548 2270 620 te,
2319 510 2661 623 Querole,
2707 539 2766 608 si

608 674 783 718 unus
810 648 927 717 tibi
964 661 1062 715 est
1087 645 1517 715 Pantomalus
1543 643 1556 714 !
1580 644 1774 714 multi
1797 643 2228 714 Pantomalos
2250 643 2522 717 habent.
2552 672 2765 732 Quen.

605 758 734 830 Sed
775 757 1001 852 plures
1038 755 1284 839 audio,
1330 758 1447 850 qui
1484 781 1643 825 suos
1681 757 1884 823 etiam
1924 753 2225 823 laudant.
2260 778 2402 823 ΕΑΒ
2425 779 2600 825 EAM.
2640 756 2765 827 Isti

604 870 869 965 pejores
903 867 1175 937 habent.
1205 890 1419 949 Quen.
1456 870 1600 935 Cur
1627 866 1835 960 igitur
1869 864 2184 933 laudant?
2204 889 2342 934 ΕΔΒ
2369 888 2550 935 EAM.
2579 866 2766 955 Quia

606 978 771 1073 quid
814 978 1183 1073 deperdant
1218 978 1549 1046 nesciunt.
1597 1000 1809 1061 Quen.
1861 979 2252 1069 Tempestas
2290 977 2576 1044 maxime
2619 976 2765 1045 fru-

604 1104 750 1158 ctus
775 1114 955 1157 meos
975 1085 1276 1156 abstulit.
1309 1086 1661 1179 Numquid
1691 1110 2047 1155 commune
2061 1085 2397 1155 hocfuit?
2423 1111 2564 1156 ΕΑΒ
2581 1110 2761 1157 EAM.

605 1200 762 1268 Non
808 1222 947 1265 uno
986 1221 1227 1291 genere
1267 1197 1573 1265 homines
1624 1197 2006 1289 puniuntur
2042 1221 2059 1264 t
2096 1196 2219 1265 tibi
2256 1209 2613 1291 tempestas
2635 1198 2765 1267 oh-

604 1308 773 1395 suit3
812 1308 983 1377 alter
1018 1306 1203 1376 aliud
1233 1306 1529 1403 pertulit.
1570 1332 1782 1392 QUER.
1822 1308 2010 1396 Ohe,
2047 1322 2394 1377 consortes
2426 1310 2560 1377 mei
2590 1310 2766 1403 jam-

601 1418 857 1487 dudum
887 1416 1053 1486 nihil
1081 1418 1489 1486 incommodi
1528 1417 1970 1511 pertulerunt.
2001 1443 2140 1487 LAR
2174 1442 2350 1489 EAM.
2389 1418 2587 1489 Fallis
2623 1434 2764 1488 tur-

604 1529 1023 1622 piter.QUEn.
1043 1529 1171 1613 Da,
1189 1552 1435 1621 quaese,
1462 1530 1747 1597 veniam.
1777 1527 2186 1622 Ignorabam
2217 1528 2616 1622 peculiarem
2638 1530 2765 1598 tibi
2811 1576 2815 1581 -

604 1664 834 1707 curam
864 1664 1003 1707 esse
1045 1638 1219 1707 hanc
1248 1637 1331 1706 de
1358 1640 1786 1708 consortibus
1813 1639 1999 1707 meis.
2045 1637 2285 1707 Adhuc
2323 1638 2540 1708 habeo
2578 1640 2767 1735 quod

602 1748 913 1817 obiciam.
943 1748 1225 1818 Vicinus
1254 1748 1418 1816 mihi
1455 1747 1670 1817 malus
1701 1764 1821 1818 est.
1853 1774 1998 1818 ΕΑΒ
2024 1772 2202 1819 ΕΔΜ.
2231 1752 2404 1819 Ecce
2432 1775 2575 1818 rem
2605 1776 2765 1821 vere

599 1856 869 1927 malam.
900 1857 1509 1949 Tamen,Querole
1530 1912 1551 1944 ‚
1582 1858 1664 1928 de
1699 1884 1838 1928 uno
1872 1860 2003 1928 isto
2038 1874 2372 1953 quantum
2412 1861 2616 1929 etiam
2651 1860 2765 1930 hic

601 1969 1059 2062 praestiterim,
1086 1967 1253 2036 vide.
1276 1968 1600 2039 Vicinum
1630 1966 1884 2037 malum
1913 1970 2164 2061 pateris
2202 1994 2415 2037 unum
2449 1982 2761 2039 tantum:

610 2078 775 2171 quid
796 2076 1053 2146 faciunt
1073 2076 1172 2146 illi
1206 2078 1324 2172 qui
1359 2076 1587 2172 plures
1612 2079 1910 2148 habent?
1947 2104 2158 2165 Qum.
2187 2082 2529 2151 Conserva
2559 2081 2766 2149 istum

606 2212 869 2283 quaeso,
912 2190 1047 2257 Lar
1076 2188 1457 2259 familiaris!
1494 2215 1578 2258 ex
1613 2204 1772 2259 voto
1810 2214 1958 2258 meo
2000 2204 2230 2277 tuere,
2267 2216 2467 2285 quem
2508 2192 2766 2284 praesti-

606 2301 782 2389 tisti,
814 2325 899 2368 ne
936 2300 1107 2369 forte
1130 2314 1491 2369 nascantur
1522 2300 1680 2370 duc.
1713 2325 1850 2371 LAR
1878 2326 2050 2370 EAM.
2080 2301 2266 2391 Quid
2296 2303 2348 2369 si
2377 2301 2574 2369 etiam
2601 2300 2766 2370 h'inc

604 2410 984 2479 vincimus?
1035 2412 1208 2498 Dic,
1240 2435 1505 2505 quaeso,
1548 2436 1732 2480 nunc
1766 2410 1975 2498 mihi,
2019 2436 2220 2504 quem
2259 2424 2332 2478 tu
2373 2425 2569 2503 putas
2610 2409 2769 2479 feli-

602 2521 891 2607 ciorem,
918 2536 1086 2611 tete,
1120 2546 1208 2591 an
1246 2524 1479 2608 istum,
1511 2522 1594 2591 de
1631 2546 1769 2618 quo
1796 2520 2374 2615 quereriSPthn.
2414 2520 2764 2612 Quidnam

606 2632 715 2699 hic
752 2629 965 2701 simile
1000 2632 1147 2701 est?
1201 2634 1342 2700 Aut
1388 2632 1721 2725 numquid
1759 2632 2056 2700 dubitari
2094 2644 2351 2726 potest,
2395 2629 2761 2700 feliciorem

602 2729 756 2810 eum
792 2767 972 2829 esse,
1000 2744 1117 2837 qui
1143 2740 1432 2810 alterum
1468 2743 1661 2836 queri
1707 2740 2072 2837 conpellit,
2099 2768 2304 2835 quam
2339 2741 2454 2810 ille
2477 2796 2496 2831 ‚
2525 2744 2641 2837 qui
2671 2740 2764 2813 ad
2797 2789 2802 2795 -

603 2851 944 2945 querelam
996 2851 1351 2948 confugit?
1408 2877 1550 2923 LAR
1585 2878 1756 2923 EAM.
1814 2857 2023 2940 Hem,
2085 2852 2419 2942 Querole‚
2470 2854 2568 2923 vis
2620 2853 2760 2947 jam

610 2986 793 3030 nunc
830 2962 1196 3047 faciamus,
1251 2976 1326 3030 ut
1363 2962 1808 3033 infeliciorem
1853 2988 1996 3033 esse
2053 2963 2240 3033 hunc
2293 2962 2499 3032 scias?
2552 2988 2759 3047 QUER.

605 3073 821 3143 Valde
858 3074 1081 3167 cupio.
1131 3096 1271 3141 LAR
1304 3096 1483 3142 EAM.
1540 3073 1673 3142 Sed
1716 3075 1846 3143 hoc
1883 3088 2148 3168 egomet
2188 3073 2310 3141 tibi
2360 3088 2620 3142 tantum
2663 3075 2761 3147 in-

609 3184 891 3269 dicabo;
940 3181 1289 3277 paululum
1348 3208 1580 3251 aurem
1627 3184 2087 3254 accommoda.
2161 3209 2370 3268 QUER.
2431 3188 2576 3253 Cur
2621 3209 2760 3252 non

610 3308 839 3387 aperte
872 3291 1217 3385 loqueris?
1263 3293 1755 3387 numquidnam
1797 3295 1996 3363 etiam
2039 3309 2113 3362 tu
2145 3294 2380 3363 times?
2415 3320 2553 3364 ΕΑΒ
2585 3319 2761 3364 EAM.

607 3402 868 3493 Quidni
920 3403 1188 3471 timeam
1210 3457 1228 3489 ‚
1298 3405 1413 3497 qui
1469 3418 1694 3472 tecum
1752 3402 1957 3473 vivo?
1995 3407 2245 3473 Aurem
2301 3404 2754 3475 accommoda.

602 3539 813 3598 QUER.
841 3518 983 3607 Age
1004 3566 1024 3600 ‚
1056 3513 1280 3583 dicito.
1310 3519 1449 3600 Ha,
1486 3514 1573 3583 ha
1592 3568 1610 3600 ‚
1640 3514 1725 3583 he
1747 3566 1766 3602 ,
1797 3514 2077 3602 habeat,
2102 3529 2363 3600 teneat,
2393 3515 2757 3609 possideat,

602 3627 834 3718 sicque
859 3649 1012 3692 cum
1034 3624 1204 3692 suis:
1228 3623 1429 3710 laute,
1456 3623 1717 3719 edepol,
1733 3650 1854 3695 nos
1880 3625 2128 3719 accipis
2155 3625 2409 3695 doctor.
2423 3650 2558 3695 LAR
2581 3649 2756 3697 EAM.
2782 3666 2788 3677 ·

599 3735 1103 3817 Nonne?QussR.
1132 3739 1363 3819 Certe,
1379 3735 1515 3826 jam
1550 3735 1718 3804 nihil
1751 3760 2148 3829 conqueror.
2183 3760 2326 3804 LAR
2353 3760 2527 3803 EAM.
2561 3734 2756 3824 Quid

600 3848 807 3931 istuc,
842 3844 1176 3936 Querole?
1204 3843 1554 3938 paululum
1591 3846 1713 3914 tibi
1745 3848 1838 3914 ita
1876 3846 2142 3914 videtur
2176 3871 2193 3912 τ
2225 3870 2496 3913 rursum
2539 3845 2624 3913 ad
2656 3847 2760 3913 in-

599 3958 869 4052 genium
900 3955 1097 4025 rediS.
1121 3956 1250 4025 Sed
1279 3956 1600 4048 quoniam
1630 3958 1952 4025 miserum
1985 3971 2056 4051 te
2078 3982 2217 4025 non
2241 3955 2440 4024 doces
2459 4010 2478 4045 ,
2515 3978 2751 4048 super·

595 4094 723 4161 est,
770 4092 843 4146 ut
898 4076 1155 4147 felicem
1206 4079 1660 4172 comprobem.
1704 4080 1838 4151 Dic
1877 4104 2138 4174 quaes0,
2185 4078 2518 4167 Querole‚
2553 4103 2756 4147 sanus

596 4190 713 4277 es?
749 4212 958 4275 Qumx.
1010 4192 1111 4257 Ita
1153 4190 1464 4260 arbitror.
1534 4216 1672 4261 LAR
1732 4215 1903 4261 FAM.
1955 4188 2208 4280 Quanti
2254 4192 2381 4287 hoc
2423 4181 2756 4259 aestimas‘?
