<?xml version="1.0" encoding="UTF-8"?>
<!DOCTYPE html PUBLIC "-//W3C//DTD XHTML 1.0 Transitional//EN"
    "http://www.w3.org/TR/xhtml1/DTD/xhtml1-transitional.dtd">
<html xmlns="http://www.w3.org/1999/xhtml" xml:lang="en" lang="en">
 <head>
  <title>
</title>
<meta http-equiv="Content-Type" content="text/html;charset=utf-8" />
  <meta name='ocr-system' content='tesseract 3.04.00' />
  <meta name='ocr-capabilities' content='ocr_page ocr_carea ocr_par ocr_line ocrx_word'/>
</head>
<body>
  <div class='ocr_page' id='page_1' title='image "./macciiplauticom00naudgoog_0143.png"; bbox 0 0 3067 5017; ppageno 0'>
   <div class='ocr_carea' id='block_1_1' title="bbox 326 474 2538 749">
    <p class='ocr_par' dir='ltr' id='par_1_1' title="bbox 326 474 2538 749">
     <span class='ocr_line' id='line_1_1' title="bbox 339 474 2488 603; baseline 0.013 -32"><span class='ocrx_word' id='word_1_1' title='bbox 339 518 351 571; x_wconf 70' lang='grc' dir='ltr'>ι</span> <span class='ocrx_word' id='word_1_2' title='bbox 871 474 1203 586; x_wconf 60' lang='lat' dir='ltr'><strong>Ac‘TUs</strong></span> <span class='ocrx_word' id='word_1_3' title='bbox 1254 521 1321 603; x_wconf 85' lang='lat'><strong>1,</strong></span> <span class='ocrx_word' id='word_1_4' title='bbox 1374 521 1904 593; x_wconf 73' lang='lat' dir='ltr'><strong>scENA-m.</strong></span> <span class='ocrx_word' id='word_1_5' title='bbox 2277 562 2284 569; x_wconf 89' lang='lat'>-</span> <span class='ocrx_word' id='word_1_6' title='bbox 2341 523 2488 599; x_wconf 67' lang='grc'>,33-</span> 
     </span>
     <span class='ocr_line' id='line_1_2' title="bbox 326 640 2538 749; baseline 0.003 -38"><span class='ocrx_word' id='word_1_7' title='bbox 326 664 487 711; x_wconf 70' lang='lat' dir='ltr'><strong>cn..</strong></span> <span class='ocrx_word' id='word_1_8' title='bbox 532 642 763 711; x_wconf 84' lang='lat' dir='ltr'>Meam</span> <span class='ocrx_word' id='word_1_9' title='bbox 802 640 1196 710; x_wconf 82' lang='lat' dir='ltr'><strong>tu&#39;amicam</strong></span> <span class='ocrx_word' id='word_1_10' title='bbox 1244 640 1662 712; x_wconf 71' lang='lat' dir='ltr'><strong>vendidisti?</strong></span> <span class='ocrx_word' id='word_1_11' title='bbox 1698 648 1898 716; x_wconf 61' lang='lat' dir='ltr'><strong>aaa.</strong></span> <span class='ocrx_word' id='word_1_12' title='bbox 1946 644 2204 735; x_wconf 81' lang='lat' dir='ltr'><strong>Valde,</strong></span> <span class='ocrx_word' id='word_1_13' title='bbox 2237 646 2476 749; x_wconf 69' lang='lat' dir='ltr'><strong>yiginti</strong></span> <span class='ocrx_word' id='word_1_14' title='bbox 2529 729 2538 745; x_wconf 61' lang='lat'><em>„</em></span> 
     </span>
    </p>
   </div>
   <div class='ocr_carea' id='block_1_2' title="bbox 317 774 2482 1054">
    <p class='ocr_par' dir='ltr' id='par_1_2' title="bbox 317 774 2482 1054">
     <span class='ocr_line' id='line_1_3' title="bbox 617 774 2482 821; baseline 0.002 -4"><span class='ocrx_word' id='word_1_15' title='bbox 617 774 838 817; x_wconf 77' lang='lat' dir='ltr'><strong>mlnls.</strong></span> <span class='ocrx_word' id='word_1_16' title='bbox 1633 780 1638 786; x_wconf 85' lang='grc'><strong>”</strong></span> <span class='ocrx_word' id='word_1_17' title='bbox 2403 792 2482 821; x_wconf 76' lang='lat' dir='ltr'><strong>no</strong></span> 
     </span>
     <span class='ocr_line' id='line_1_4' title="bbox 317 858 2477 964; baseline 0.005 -35"><span class='ocrx_word' id='word_1_18' title='bbox 317 881 475 929; x_wconf 75' lang='lat' dir='ltr'><strong>cn..</strong></span> <span class='ocrx_word' id='word_1_19' title='bbox 513 858 779 953; x_wconf 81' lang='lat' dir='ltr'>Viginti</span> <span class='ocrx_word' id='word_1_20' title='bbox 818 859 1019 929; x_wconf 87' lang='lat' dir='ltr'><strong>minis</strong></span> <span class='ocrx_word' id='word_1_21' title='bbox 1047 860 1077 929; x_wconf 72' lang='grc' dir='ltr'><strong>Ξ)</strong></span> <span class='ocrx_word' id='word_1_22' title='bbox 1102 884 1306 931; x_wconf 70' lang='lat' dir='ltr'><strong>mu..</strong></span> <span class='ocrx_word' id='word_1_23' title='bbox 1348 864 1602 932; x_wconf 86' lang='lat' dir='ltr'><strong>Utrum</strong></span> <span class='ocrx_word' id='word_1_24' title='bbox 1639 864 1774 951; x_wconf 88' lang='lat' dir='ltr'><strong>vis,</strong></span> <span class='ocrx_word' id='word_1_25' title='bbox 1829 863 1933 935; x_wconf 85' lang='lat' dir='ltr'><strong>vel</strong></span> <span class='ocrx_word' id='word_1_26' title='bbox 1980 881 2220 962; x_wconf 86' lang='lat' dir='ltr'><strong>quater</strong></span> <span class='ocrx_word' id='word_1_27' title='bbox 2249 869 2477 964; x_wconf 85' lang='lat' dir='ltr'><strong>quinis</strong></span> 
     </span>
     <span class='ocr_line' id='line_1_5' title="bbox 624 993 861 1054; baseline 0.008 -19"><span class='ocrx_word' id='word_1_28' title='bbox 624 993 861 1054; x_wconf 75' lang='lat' dir='ltr'><strong>minis,</strong></span> 
     </span>
    </p>
   </div>
   <div class='ocr_carea' id='block_1_3' title="bbox 308 1073 2470 1604">
    <p class='ocr_par' dir='ltr' id='par_1_3' title="bbox 312 1073 2240 1173">
     <span class='ocr_line' id='line_1_6' title="bbox 312 1073 2240 1173; baseline 0.007 -28"><span class='ocrx_word' id='word_1_29' title='bbox 312 1073 524 1145; x_wconf 80' lang='lat' dir='ltr'>Militi</span> <span class='ocrx_word' id='word_1_30' title='bbox 556 1076 958 1147; x_wconf 89' lang='lat' dir='ltr'><strong>Macedonio</strong></span> <span class='ocrx_word' id='word_1_31' title='bbox 988 1104 1005 1146; x_wconf 73' lang='grc' dir='ltr'><strong><em>ε</em></strong></span> <span class='ocrx_word' id='word_1_32' title='bbox 1046 1091 1113 1145; x_wconf 90' lang='lat' dir='ltr'><strong>et</strong></span> <span class='ocrx_word' id='word_1_33' title='bbox 1139 1077 1279 1171; x_wconf 85' lang='lat' dir='ltr'><strong>jam</strong></span> <span class='ocrx_word' id='word_1_34' title='bbox 1316 1080 1706 1173; x_wconf 90' lang='lat' dir='ltr'><strong>quindecim</strong></span> <span class='ocrx_word' id='word_1_35' title='bbox 1745 1084 1960 1155; x_wconf 90' lang='lat' dir='ltr'><strong>habeo</strong></span> <span class='ocrx_word' id='word_1_36' title='bbox 2000 1088 2240 1157; x_wconf 87' lang='lat' dir='ltr'><strong>minas.</strong></span> 
     </span>
    </p>

    <p class='ocr_par' dir='ltr' id='par_1_4' title="bbox 312 1184 2470 1393">
     <span class='ocr_line' id='line_1_7' title="bbox 312 1184 2470 1282; baseline 0.008 -27"><span class='ocrx_word' id='word_1_37' title='bbox 312 1208 471 1256; x_wconf 72' lang='lat' dir='ltr'><strong>cn..</strong></span> <span class='ocrx_word' id='word_1_38' title='bbox 518 1184 708 1275; x_wconf 86' lang='lat' dir='ltr'><strong>Quid</strong></span> <span class='ocrx_word' id='word_1_39' title='bbox 749 1211 874 1282; x_wconf 87' lang='lat' dir='ltr'><strong>ego</strong></span> <span class='ocrx_word' id='word_1_40' title='bbox 909 1212 992 1255; x_wconf 87' lang='lat' dir='ltr'><strong>ex</strong></span> <span class='ocrx_word' id='word_1_41' title='bbox 1027 1202 1095 1257; x_wconf 90' lang='lat' dir='ltr'><strong>te</strong></span> <span class='ocrx_word' id='word_1_42' title='bbox 1126 1188 1371 1258; x_wconf 79' lang='lat' dir='ltr'><strong>audio?</strong></span> <span class='ocrx_word' id='word_1_43' title='bbox 1405 1215 1608 1261; x_wconf 70' lang='lat' dir='ltr'><strong>mm..</strong></span> <span class='ocrx_word' id='word_1_44' title='bbox 1646 1194 1948 1265; x_wconf 86' lang='lat' dir='ltr'><strong>Amicam</strong></span> <span class='ocrx_word' id='word_1_45' title='bbox 1988 1210 2178 1267; x_wconf 89' lang='lat' dir='ltr'><strong>tuam</strong></span> <span class='ocrx_word' id='word_1_46' title='bbox 2199 1223 2342 1270; x_wconf 91' lang='lat' dir='ltr'><strong>esse</strong></span> <span class='ocrx_word' id='word_1_47' title='bbox 2367 1202 2470 1271; x_wconf 87' lang='lat' dir='ltr'><strong>fa·</strong></span> 
     </span>
     <span class='ocr_line' id='line_1_8' title="bbox 613 1314 1230 1393; baseline 0 -26"><span class='ocrx_word' id='word_1_48' title='bbox 613 1314 787 1367; x_wconf 91' lang='lat' dir='ltr'><strong>ctam</strong></span> <span class='ocrx_word' id='word_1_49' title='bbox 824 1314 1230 1393; x_wconf 84' lang='lat' dir='ltr'><strong>argenteam.</strong></span> 
     </span>
    </p>

    <p class='ocr_par' dir='ltr' id='par_1_5' title="bbox 308 1406 2448 1604">
     <span class='ocr_line' id='line_1_9' title="bbox 308 1406 2448 1501; baseline 0.009 -27"><span class='ocrx_word' id='word_1_50' title='bbox 308 1427 470 1475; x_wconf 74' lang='lat' dir='ltr'><strong>cu..</strong></span> <span class='ocrx_word' id='word_1_51' title='bbox 522 1408 667 1476; x_wconf 88' lang='lat' dir='ltr'><strong>Cur</strong></span> <span class='ocrx_word' id='word_1_52' title='bbox 701 1406 770 1475; x_wconf 92' lang='lat' dir='ltr'><strong>id</strong></span> <span class='ocrx_word' id='word_1_53' title='bbox 806 1431 1008 1477; x_wconf 90' lang='lat' dir='ltr'><strong>ausus</strong></span> <span class='ocrx_word' id='word_1_54' title='bbox 1053 1407 1317 1480; x_wconf 81' lang='lat' dir='ltr'><strong>facere?</strong></span> <span class='ocrx_word' id='word_1_55' title='bbox 1357 1434 1554 1481; x_wconf 69' lang='grc' dir='ltr'><strong>ΒΑΜ..</strong></span> <span class='ocrx_word' id='word_1_56' title='bbox 1597 1413 1893 1501; x_wconf 89' lang='lat' dir='ltr'><strong>Lubuit‚</strong></span> <span class='ocrx_word' id='word_1_57' title='bbox 1925 1441 2077 1486; x_wconf 91' lang='lat' dir='ltr'><strong>mea</strong></span> <span class='ocrx_word' id='word_1_58' title='bbox 2111 1416 2263 1487; x_wconf 88' lang='lat' dir='ltr'><strong>fuit.</strong></span> <span class='ocrx_word' id='word_1_59' title='bbox 2312 1444 2448 1492; x_wconf 62' lang='lat' dir='ltr'><strong>cu.</strong></span> 
     </span>
     <span class='ocr_line' id='line_1_10' title="bbox 605 1517 1191 1604; baseline 0 -17"><span class='ocrx_word' id='word_1_60' title='bbox 605 1517 787 1604; x_wconf 87' lang='lat' dir='ltr'><strong>Eho,</strong></span> <span class='ocrx_word' id='word_1_61' title='bbox 830 1517 1191 1604; x_wconf 88' lang='lat' dir='ltr'><strong>Pseudole‚</strong></span> 
     </span>
    </p>
   </div>
   <div class='ocr_carea' id='block_1_4' title="bbox 306 1582 2471 1737">
    <p class='ocr_par' dir='ltr' id='par_1_6' title="bbox 306 1582 2471 1737">
     <span class='ocr_line' id='line_1_11' title="bbox 306 1582 2471 1737; baseline 0.007 -44"><span class='ocrx_word' id='word_1_62' title='bbox 306 1627 379 1711; x_wconf 88' lang='lat'><strong>1,</strong></span> <span class='ocrx_word' id='word_1_63' title='bbox 436 1624 737 1722; x_wconf 85' lang='lat' dir='ltr'>gladium</span> <span class='ocrx_word' id='word_1_64' title='bbox 789 1628 997 1697; x_wconf 83' lang='lat' dir='ltr'><strong>adfer.</strong></span> <span class='ocrx_word' id='word_1_65' title='bbox 1055 1654 1303 1701; x_wconf 63' lang='lat' dir='ltr'><strong>psam).</strong></span> <span class='ocrx_word' id='word_1_66' title='bbox 1360 1630 1548 1718; x_wconf 87' lang='lat' dir='ltr'><strong>Quid</strong></span> <span class='ocrx_word' id='word_1_67' title='bbox 1590 1657 1762 1727; x_wconf 90' lang='lat' dir='ltr'><strong>opus</strong></span> <span class='ocrx_word' id='word_1_68' title='bbox 1803 1582 2076 1737; x_wconf 82' lang='lat' dir='ltr'><strong>gladio?</strong></span> <span class='ocrx_word' id='word_1_69' title='bbox 2121 1661 2280 1709; x_wconf 74' lang='lat' dir='ltr'><strong>cu..</strong></span> <span class='ocrx_word' id='word_1_70' title='bbox 2331 1641 2471 1728; x_wconf 85' lang='lat' dir='ltr'><strong>Qui</strong></span> 
     </span>
    </p>
   </div>
   <div class='ocr_carea' id='block_1_5' title="bbox 306 1737 2462 2028">
    <p class='ocr_par' dir='ltr' id='par_1_7' title="bbox 306 1737 2462 2028">
     <span class='ocr_line' id='line_1_12' title="bbox 601 1737 2462 1834; baseline 0.003 -29"><span class='ocrx_word' id='word_1_71' title='bbox 601 1737 785 1807; x_wconf 90' lang='lat' dir='ltr'><strong>hunc</strong></span> <span class='ocrx_word' id='word_1_72' title='bbox 820 1738 1163 1826; x_wconf 88' lang='lat' dir='ltr'><strong>obcidam‚</strong></span> <span class='ocrx_word' id='word_1_73' title='bbox 1202 1755 1405 1834; x_wconf 89' lang='lat' dir='ltr'><strong>atque</strong></span> <span class='ocrx_word' id='word_1_74' title='bbox 1438 1766 1571 1811; x_wconf 89' lang='lat' dir='ltr'><strong>me.</strong></span> <span class='ocrx_word' id='word_1_75' title='bbox 2384 1771 2462 1810; x_wconf 74' lang='lat' dir='ltr'><strong>us</strong></span> 
     </span>
     <span class='ocr_line' id='line_1_13' title="bbox 306 1848 2462 1957; baseline 0.006 -41"><span class='ocrx_word' id='word_1_76' title='bbox 306 1869 555 1917; x_wconf 80' lang='lat' dir='ltr'><strong>PsEun.</strong></span> <span class='ocrx_word' id='word_1_77' title='bbox 604 1848 791 1936; x_wconf 88' lang='lat' dir='ltr'><strong>Quin</strong></span> <span class='ocrx_word' id='word_1_78' title='bbox 828 1863 902 1919; x_wconf 91' lang='lat' dir='ltr'><strong>tu</strong></span> <span class='ocrx_word' id='word_1_79' title='bbox 947 1864 1015 1921; x_wconf 84' lang='lat' dir='ltr'><strong>te</strong></span> <span class='ocrx_word' id='word_1_80' title='bbox 1050 1850 1311 1920; x_wconf 82' lang='lat' dir='ltr'><strong>obeidis</strong></span> <span class='ocrx_word' id='word_1_81' title='bbox 1349 1853 1576 1945; x_wconf 90' lang='lat' dir='ltr'><strong>potius</strong></span> <span class='ocrx_word' id='word_1_82' title='bbox 1600 1851 1820 1921; x_wconf 81' lang='lat' dir='ltr'><strong>?·nam</strong></span> <span class='ocrx_word' id='word_1_83' title='bbox 1855 1855 2038 1957; x_wconf 78' lang='lat' dir='ltr'><strong>hunc</strong></span> <span class='ocrx_word' id='word_1_84' title='bbox 2072 1855 2283 1925; x_wconf 88' lang='lat' dir='ltr'><strong>fames</strong></span> <span class='ocrx_word' id='word_1_85' title='bbox 2319 1858 2462 1951; x_wconf 86' lang='lat' dir='ltr'><strong>jam</strong></span> 
     </span>
     <span class='ocr_line' id='line_1_14' title="bbox 598 1958 949 2028; baseline 0.006 -2"><span class='ocrx_word' id='word_1_86' title='bbox 598 1958 949 2028; x_wconf 88' lang='lat' dir='ltr'><strong>obciderit.</strong></span> 
     </span>
    </p>
   </div>
   <div class='ocr_carea' id='block_1_6' title="bbox 296 2069 2448 2377">
    <p class='ocr_par' dir='ltr' id='par_1_8' title="bbox 296 2069 2448 2377">
     <span class='ocr_line' id='line_1_15' title="bbox 302 2069 2448 2172; baseline 0.005 -35"><span class='ocrx_word' id='word_1_87' title='bbox 302 2090 467 2137; x_wconf 70' lang='lat' dir='ltr'><strong>cn..</strong></span> <span class='ocrx_word' id='word_1_88' title='bbox 533 2069 723 2157; x_wconf 88' lang='lat' dir='ltr'><strong>Quid</strong></span> <span class='ocrx_word' id='word_1_89' title='bbox 773 2070 909 2158; x_wconf 65' lang='grc' dir='ltr'><strong>εἰς,</strong></span> <span class='ocrx_word' id='word_1_90' title='bbox 964 2085 1293 2163; x_wconf 86' lang='lat' dir='ltr'><strong>quantum</strong></span> <span class='ocrx_word' id='word_1_91' title='bbox 1340 2084 1515 2141; x_wconf 86' lang='lat' dir='ltr'><strong>terra</strong></span> <span class='ocrx_word' id='word_1_92' title='bbox 1568 2074 1770 2167; x_wconf 80' lang='lat' dir='ltr'><strong>tegit,</strong></span> <span class='ocrx_word' id='word_1_93' title='bbox 1809 2074 2160 2145; x_wconf 88' lang='lat' dir='ltr'><strong>hominum</strong></span> <span class='ocrx_word' id='word_1_94' title='bbox 2216 2077 2448 2172; x_wconf 80' lang='lat' dir='ltr'><strong>perju-</strong></span> 
     </span>
     <span class='ocr_line' id='line_1_16' title="bbox 598 2179 994 2269; baseline 0.003 -23"><span class='ocrx_word' id='word_1_95' title='bbox 598 2179 935 2249; x_wconf 78' lang='lat' dir='ltr'><strong>rissume?</strong></span> <span class='ocrx_word' id='word_1_96' title='bbox 990 2264 994 2269; x_wconf 18' lang='lat'><em>&#39;</em></span> 
     </span>
     <span class='ocr_line' id='line_1_17' title="bbox 296 2286 2149 2377; baseline 0.003 -22"><span class='ocrx_word' id='word_1_97' title='bbox 296 2286 688 2357; x_wconf 79' lang='lat' dir='ltr'><strong>Iuravistin&#39;</strong></span> <span class='ocrx_word' id='word_1_98' title='bbox 713 2304 780 2358; x_wconf 89' lang='lat' dir='ltr'><strong>te</strong></span> <span class='ocrx_word' id='word_1_99' title='bbox 821 2287 1005 2359; x_wconf 87' lang='lat' dir='ltr'><strong>illam</strong></span> <span class='ocrx_word' id='word_1_100' title='bbox 1042 2287 1212 2359; x_wconf 91' lang='lat' dir='ltr'><strong>nulli</strong></span> <span class='ocrx_word' id='word_1_101' title='bbox 1248 2289 1678 2359; x_wconf 89' lang='lat' dir='ltr'><strong>venditurum</strong></span> <span class='ocrx_word' id='word_1_102' title='bbox 1701 2345 1719 2377; x_wconf 87' lang='lat'>,</span> <span class='ocrx_word' id='word_1_103' title='bbox 1761 2290 1890 2360; x_wconf 89' lang='lat' dir='ltr'><strong>nisi</strong></span> <span class='ocrx_word' id='word_1_104' title='bbox 1935 2292 2149 2361; x_wconf 79' lang='lat' dir='ltr'><strong>mihi?</strong></span> 
     </span>
    </p>
   </div>
   <div class='ocr_carea' id='block_1_7' title="bbox 292 2505 2482 3138">
    <p class='ocr_par' dir='ltr' id='par_1_9' title="bbox 295 2505 2436 2580">
     <span class='ocr_line' id='line_1_18' title="bbox 295 2505 2436 2580; baseline 0.003 -19"><span class='ocrx_word' id='word_1_105' title='bbox 295 2507 467 2561; x_wconf 75' lang='lat' dir='ltr'><strong>latum</strong></span> <span class='ocrx_word' id='word_1_106' title='bbox 504 2527 537 2562; x_wconf 80' lang='lat' dir='ltr'><strong>a</strong></span> <span class='ocrx_word' id='word_1_107' title='bbox 585 2505 895 2563; x_wconf 80' lang='lat' dir='ltr'><strong>venditione</strong></span> <span class='ocrx_word' id='word_1_108' title='bbox 946 2506 1140 2561; x_wconf 77' lang='lat' dir='ltr'><strong>aedium</strong></span> <span class='ocrx_word' id='word_1_109' title='bbox 1162 2549 1177 2574; x_wconf 90' lang='lat'><strong>,</strong></span> <span class='ocrx_word' id='word_1_110' title='bbox 1230 2508 1328 2561; x_wconf 89' lang='lat' dir='ltr'><strong>ubi</strong></span> <span class='ocrx_word' id='word_1_111' title='bbox 1424 2508 1676 2580; x_wconf 77' lang='lat' dir='ltr'><strong>petiverit</strong></span> <span class='ocrx_word' id='word_1_112' title='bbox 1709 2508 1854 2563; x_wconf 86' lang='lat' dir='ltr'><strong>hunc</strong></span> <span class='ocrx_word' id='word_1_113' title='bbox 1881 2527 2183 2564; x_wconf 84' lang='lat' dir='ltr'><strong>sermonem</strong></span> <span class='ocrx_word' id='word_1_114' title='bbox 2211 2512 2436 2568; x_wconf 77' lang='lat' dir='ltr'><strong>Plautus</strong></span> 
     </span>
    </p>

    <p class='ocr_par' dir='ltr' id='par_1_10' title="bbox 294 2586 1714 2659">
     <span class='ocr_line' id='line_1_19' title="bbox 294 2586 1714 2659; baseline 0 -18"><span class='ocrx_word' id='word_1_115' title='bbox 294 2586 583 2658; x_wconf 78' lang='lat' dir='ltr'><strong>proprium</strong></span> <span class='ocrx_word' id='word_1_116' title='bbox 620 2590 737 2659; x_wconf 86' lang='lat' dir='ltr'><strong>ejus</strong></span> <span class='ocrx_word' id='word_1_117' title='bbox 767 2587 1101 2642; x_wconf 83' lang='lat' dir='ltr'><strong>domicilium</strong></span> <span class='ocrx_word' id='word_1_118' title='bbox 1129 2602 1225 2643; x_wconf 84' lang='lat' dir='ltr'><strong>est.</strong></span> <span class='ocrx_word' id='word_1_119' title='bbox 1262 2592 1325 2641; x_wconf 89' lang='lat' dir='ltr'><strong>In</strong></span> <span class='ocrx_word' id='word_1_120' title='bbox 1424 2590 1612 2643; x_wconf 69' lang='lat' dir='ltr'><strong>Giton.</strong></span> <span class='ocrx_word' id='word_1_121' title='bbox 1709 2626 1714 2633; x_wconf 92' lang='lat'>-</span> 
     </span>
    </p>

    <p class='ocr_par' dir='ltr' id='par_1_11' title="bbox 296 2666 1972 2738">
     <span class='ocr_line' id='line_1_20' title="bbox 296 2666 1972 2738; baseline 0.001 -19"><span class='ocrx_word' id='word_1_122' title='bbox 296 2666 365 2719; x_wconf 72' lang='lat' dir='ltr'><strong>iis</strong></span> <span class='ocrx_word' id='word_1_123' title='bbox 384 2680 667 2719; x_wconf 78' lang='lat' dir='ltr'><strong>ornamenta</strong></span> <span class='ocrx_word' id='word_1_124' title='bbox 680 2704 699 2730; x_wconf 87' lang='lat'>‚</span> <span class='ocrx_word' id='word_1_125' title='bbox 726 2669 784 2721; x_wconf 90' lang='lat' dir='ltr'><strong>in</strong></span> <span class='ocrx_word' id='word_1_126' title='bbox 803 2668 869 2720; x_wconf 89' lang='lat' dir='ltr'><strong>iis</strong></span> <span class='ocrx_word' id='word_1_127' title='bbox 886 2688 1003 2738; x_wconf 76' lang='lat' dir='ltr'><strong>qous</strong></span> <span class='ocrx_word' id='word_1_128' title='bbox 1018 2672 1324 2722; x_wconf 74' lang='lat' dir='ltr'><strong>intestinum:</strong></span> <span class='ocrx_word' id='word_1_129' title='bbox 1510 2687 1535 2721; x_wconf 89' lang='lat'>1</span> <span class='ocrx_word' id='word_1_130' title='bbox 1552 2688 1575 2723; x_wconf 92' lang='lat'>1</span> <span class='ocrx_word' id='word_1_131' title='bbox 1588 2672 1643 2722; x_wconf 88' lang='lat'><strong>6.</strong></span> <span class='ocrx_word' id='word_1_132' title='bbox 1663 2670 1803 2733; x_wconf 84' lang='lat' dir='ltr'><strong>Jam,</strong></span> <span class='ocrx_word' id='word_1_133' title='bbox 1831 2686 1972 2721; x_wconf 83' lang='lat' dir='ltr'><strong>mox.</strong></span> 
     </span>
    </p>

    <p class='ocr_par' dir='ltr' id='par_1_12' title="bbox 296 2746 2451 2819">
     <span class='ocr_line' id='line_1_21' title="bbox 296 2746 2451 2819; baseline 0.002 -20"><span class='ocrx_word' id='word_1_134' title='bbox 296 2758 351 2799; x_wconf 87' lang='lat' dir='ltr'><strong>et</strong></span> <span class='ocrx_word' id='word_1_135' title='bbox 368 2766 537 2819; x_wconf 88' lang='lat' dir='ltr'><strong>quum</strong></span> <span class='ocrx_word' id='word_1_136' title='bbox 567 2746 956 2812; x_wconf 80' lang='lat' dir='ltr'><strong>vendebantur,</strong></span> <span class='ocrx_word' id='word_1_137' title='bbox 988 2768 1106 2819; x_wconf 78' lang='lat' dir='ltr'><strong>opus</strong></span> <span class='ocrx_word' id='word_1_138' title='bbox 1134 2752 1323 2803; x_wconf 68' lang='lat' dir='ltr'><strong>haresci-</strong></span> <span class='ocrx_word' id='word_1_139' title='bbox 1510 2766 1533 2801; x_wconf 85' lang='lat'>1</span> <span class='ocrx_word' id='word_1_140' title='bbox 1551 2766 1644 2818; x_wconf 88' lang='lat'><strong>17.</strong></span> <span class='ocrx_word' id='word_1_141' title='bbox 1687 2748 1937 2817; x_wconf 77' lang='lat' dir='ltr'><strong>Quantum</strong></span> <span class='ocrx_word' id='word_1_142' title='bbox 1981 2759 2112 2799; x_wconf 74' lang='lat' dir='ltr'><strong>terra</strong></span> <span class='ocrx_word' id='word_1_143' title='bbox 2154 2752 2293 2818; x_wconf 77' lang='lat' dir='ltr'><strong>tegit.</strong></span> <span class='ocrx_word' id='word_1_144' title='bbox 2362 2751 2451 2805; x_wconf 88' lang='lat' dir='ltr'><strong>Sic</strong></span> 
     </span>
    </p>

    <p class='ocr_par' dir='ltr' id='par_1_13' title="bbox 296 2826 2452 2899">
     <span class='ocr_line' id='line_1_22' title="bbox 296 2826 2452 2899; baseline 0.002 -22"><span class='ocrx_word' id='word_1_145' title='bbox 296 2844 407 2877; x_wconf 77' lang='lat' dir='ltr'><strong>num</strong></span> <span class='ocrx_word' id='word_1_146' title='bbox 446 2827 612 2880; x_wconf 78' lang='lat' dir='ltr'><strong>fiebat</strong></span> <span class='ocrx_word' id='word_1_147' title='bbox 643 2828 893 2892; x_wconf 84' lang='lat' dir='ltr'><strong>emtoris,</strong></span> <span class='ocrx_word' id='word_1_148' title='bbox 932 2839 1211 2879; x_wconf 82' lang='lat' dir='ltr'><strong>ornamenta</strong></span> <span class='ocrx_word' id='word_1_149' title='bbox 1235 2846 1323 2881; x_wconf 87' lang='lat' dir='ltr'><strong>re-</strong></span> <span class='ocrx_word' id='word_1_150' title='bbox 1418 2846 1606 2881; x_wconf 84' lang='lat' dir='ltr'><strong>omues</strong></span> <span class='ocrx_word' id='word_1_151' title='bbox 1634 2827 1782 2881; x_wconf 84' lang='lat' dir='ltr'><strong>libri.</strong></span> <span class='ocrx_word' id='word_1_152' title='bbox 1823 2826 2174 2899; x_wconf 78' lang='lat' dir='ltr'><strong>conjectant:</strong></span> <span class='ocrx_word' id='word_1_153' title='bbox 2220 2852 2242 2875; x_wconf 74' lang='grc' dir='ltr'>ι</span> <span class='ocrx_word' id='word_1_154' title='bbox 2265 2828 2452 2893; x_wconf 78' lang='lat' dir='ltr'><strong>Quan-</strong></span> 
     </span>
    </p>

    <p class='ocr_par' dir='ltr' id='par_1_14' title="bbox 296 2904 2482 3058">
     <span class='ocr_line' id='line_1_23' title="bbox 296 2904 2482 2979; baseline 0.001 -20"><span class='ocrx_word' id='word_1_155' title='bbox 296 2904 654 2977; x_wconf 82' lang='lat' dir='ltr'><strong>cipiebantur.</strong></span> <span class='ocrx_word' id='word_1_156' title='bbox 708 2907 901 2961; x_wconf 85' lang='lat' dir='ltr'><strong>Cicero</strong></span> <span class='ocrx_word' id='word_1_157' title='bbox 958 2908 1017 2959; x_wconf 86' lang='lat' dir='ltr'><strong>in</strong></span> <span class='ocrx_word' id='word_1_158' title='bbox 1057 2907 1277 2979; x_wconf 81' lang='lat' dir='ltr'><strong>Topicis</strong></span> <span class='ocrx_word' id='word_1_159' title='bbox 1304 2925 1319 2959; x_wconf 75' lang='grc' dir='ltr'><strong><em>ε</em></strong></span> <span class='ocrx_word' id='word_1_160' title='bbox 1420 2921 1535 2960; x_wconf 88' lang='lat' dir='ltr'><strong>tum</strong></span> <span class='ocrx_word' id='word_1_161' title='bbox 1564 2906 1621 2959; x_wconf 91' lang='lat' dir='ltr'><strong>in</strong></span> <span class='ocrx_word' id='word_1_162' title='bbox 1654 2920 1795 2961; x_wconf 87' lang='lat' dir='ltr'><strong>terra</strong></span> <span class='ocrx_word' id='word_1_163' title='bbox 1821 2908 1991 2979; x_wconf 79' lang='lat' dir='ltr'><strong>degit3</strong></span> <span class='ocrx_word' id='word_1_164' title='bbox 2021 2920 2277 2979; x_wconf 78' lang='lat' dir='ltr'><strong>quantum</strong></span> <span class='ocrx_word' id='word_1_165' title='bbox 2308 2918 2450 2962; x_wconf 83' lang='lat' dir='ltr'><strong>terra</strong></span> <span class='ocrx_word' id='word_1_166' title='bbox 2479 2964 2482 2969; x_wconf 69' lang='grc'><strong>,</strong></span> 
     </span>
     <span class='ocr_line' id='line_1_24' title="bbox 300 2980 2451 3058; baseline 0.001 -21"><span class='ocrx_word' id='word_1_167' title='bbox 300 3010 327 3032; x_wconf 79' lang='grc' dir='ltr'>ι</span> <span class='ocrx_word' id='word_1_168' title='bbox 349 2985 579 3057; x_wconf 88' lang='lat' dir='ltr'><strong>Fecique</strong></span> <span class='ocrx_word' id='word_1_169' title='bbox 618 2984 769 3057; x_wconf 88' lang='lat' dir='ltr'><strong>quod</strong></span> <span class='ocrx_word' id='word_1_170' title='bbox 807 2980 1051 3039; x_wconf 82' lang='lat' dir='ltr'><strong>liberales</strong></span> <span class='ocrx_word' id='word_1_171' title='bbox 1085 2984 1325 3040; x_wconf 82' lang='lat' dir='ltr'><strong>vendito·</strong></span> <span class='ocrx_word' id='word_1_172' title='bbox 1417 2986 1583 3057; x_wconf 85' lang='lat' dir='ltr'><strong>regit;</strong></span> <span class='ocrx_word' id='word_1_173' title='bbox 1605 3000 1870 3057; x_wconf 88' lang='lat' dir='ltr'><strong>quantum</strong></span> <span class='ocrx_word' id='word_1_174' title='bbox 1911 3000 2055 3040; x_wconf 84' lang='lat' dir='ltr'><strong>terra</strong></span> <span class='ocrx_word' id='word_1_175' title='bbox 2097 2986 2255 3058; x_wconf 79' lang='lat' dir='ltr'><strong>tegit3</strong></span> <span class='ocrx_word' id='word_1_176' title='bbox 2284 3004 2451 3058; x_wconf 80' lang='lat' dir='ltr'><strong>quan-</strong></span> 
     </span>
    </p>

    <p class='ocr_par' dir='ltr' id='par_1_15' title="bbox 292 3058 2445 3138">
     <span class='ocr_line' id='line_1_25' title="bbox 292 3058 2445 3138; baseline 0 -21"><span class='ocrx_word' id='word_1_177' title='bbox 292 3083 380 3118; x_wconf 81' lang='lat' dir='ltr'><strong>res</strong></span> <span class='ocrx_word' id='word_1_178' title='bbox 399 3067 601 3129; x_wconf 86' lang='lat' dir='ltr'><strong>solent,</strong></span> <span class='ocrx_word' id='word_1_179' title='bbox 621 3079 685 3120; x_wconf 88' lang='lat' dir='ltr'><strong>ut</strong></span> <span class='ocrx_word' id='word_1_180' title='bbox 708 3084 877 3137; x_wconf 88' lang='lat' dir='ltr'><strong>quum</strong></span> <span class='ocrx_word' id='word_1_181' title='bbox 902 3058 1041 3121; x_wconf 62' lang='lat' dir='ltr'><strong>acles</strong></span> <span class='ocrx_word' id='word_1_182' title='bbox 1062 3066 1325 3121; x_wconf 78' lang='lat' dir='ltr'><strong>fundum·</strong></span> <span class='ocrx_word' id='word_1_183' title='bbox 1418 3064 1533 3119; x_wconf 78' lang='lat' dir='ltr'><strong>tum</strong></span> <span class='ocrx_word' id='word_1_184' title='bbox 1565 3079 1707 3120; x_wconf 80' lang='lat' dir='ltr'><strong>terra</strong></span> <span class='ocrx_word' id='word_1_185' title='bbox 1733 3067 1872 3136; x_wconf 74' lang='lat' dir='ltr'><strong>gerit</strong></span> <span class='ocrx_word' id='word_1_186' title='bbox 1904 3091 1953 3120; x_wconf 73' lang='grc' dir='ltr'><strong>ι.</strong></span> <span class='ocrx_word' id='word_1_187' title='bbox 1988 3066 2234 3138; x_wconf 84' lang='lat' dir='ltr'><strong>Denique</strong></span> <span class='ocrx_word' id='word_1_188' title='bbox 2270 3067 2445 3137; x_wconf 84' lang='lat' dir='ltr'><strong>expli-</strong></span> 
     </span>
    </p>
   </div>
   <div class='ocr_carea' id='block_1_8' title="bbox 286 3143 1321 4330">
    <p class='ocr_par' dir='ltr' id='par_1_16' title="bbox 286 3143 1321 4090">
     <span class='ocr_line' id='line_1_26' title="bbox 293 3143 1320 3217; baseline 0.002 -20"><span class='ocrx_word' id='word_1_189' title='bbox 293 3162 361 3197; x_wconf 81' lang='lat' dir='ltr'><strong>ve</strong></span> <span class='ocrx_word' id='word_1_190' title='bbox 372 3143 737 3210; x_wconf 79' lang='lat' dir='ltr'><strong>vendiderint,</strong></span> <span class='ocrx_word' id='word_1_191' title='bbox 755 3146 890 3199; x_wconf 84' lang='lat' dir='ltr'><strong>rutis</strong></span> <span class='ocrx_word' id='word_1_192' title='bbox 908 3146 1054 3198; x_wconf 79' lang='lat' dir='ltr'><strong>caesis</strong></span> <span class='ocrx_word' id='word_1_193' title='bbox 1072 3146 1320 3217; x_wconf 80' lang='lat' dir='ltr'><strong>receptis,</strong></span> 
     </span>
     <span class='ocr_line' id='line_1_27' title="bbox 295 3224 1318 3296; baseline 0.001 -20"><span class='ocrx_word' id='word_1_194' title='bbox 295 3224 603 3278; x_wconf 76' lang='lat' dir='ltr'><strong>concedant</strong></span> <span class='ocrx_word' id='word_1_195' title='bbox 634 3238 815 3277; x_wconf 83' lang='lat' dir='ltr'><strong>tamen</strong></span> <span class='ocrx_word' id='word_1_196' title='bbox 852 3224 1060 3296; x_wconf 84' lang='lat' dir='ltr'><strong>aliquid</strong></span> <span class='ocrx_word' id='word_1_197' title='bbox 1091 3226 1318 3291; x_wconf 86' lang='lat' dir='ltr'><strong>emtori,</strong></span> 
     </span>
     <span class='ocr_line' id='line_1_28' title="bbox 296 3302 1318 3376; baseline 0.004 -21"><span class='ocrx_word' id='word_1_198' title='bbox 296 3302 449 3374; x_wconf 87' lang='lat' dir='ltr'><strong>quod</strong></span> <span class='ocrx_word' id='word_1_199' title='bbox 487 3303 723 3358; x_wconf 83' lang='lat' dir='ltr'><strong>ornandi</strong></span> <span class='ocrx_word' id='word_1_200' title='bbox 754 3323 908 3357; x_wconf 86' lang='lat' dir='ltr'><strong>causa</strong></span> <span class='ocrx_word' id='word_1_201' title='bbox 950 3319 1073 3376; x_wconf 81' lang='lat' dir='ltr'><strong>apte</strong></span> <span class='ocrx_word' id='word_1_202' title='bbox 1114 3318 1166 3358; x_wconf 88' lang='lat' dir='ltr'><strong>et</strong></span> <span class='ocrx_word' id='word_1_203' title='bbox 1196 3306 1318 3361; x_wconf 88' lang='lat' dir='ltr'><strong>loco</strong></span> 
     </span>
     <span class='ocr_line' id='line_1_29' title="bbox 289 3384 1321 3453; baseline 0.001 -17"><span class='ocrx_word' id='word_1_204' title='bbox 289 3386 523 3453; x_wconf 85' lang='lat' dir='ltr'><strong>positum</strong></span> <span class='ocrx_word' id='word_1_205' title='bbox 558 3402 669 3437; x_wconf 86' lang='lat' dir='ltr'><strong>esse</strong></span> <span class='ocrx_word' id='word_1_206' title='bbox 698 3384 972 3437; x_wconf 80' lang='lat' dir='ltr'><strong>videatur:</strong></span> <span class='ocrx_word' id='word_1_207' title='bbox 998 3385 1071 3437; x_wconf 85' lang='lat' dir='ltr'><strong>sic</strong></span> <span class='ocrx_word' id='word_1_208' title='bbox 1100 3384 1197 3437; x_wconf 85' lang='lat' dir='ltr'><strong>tibi</strong></span> <span class='ocrx_word' id='word_1_209' title='bbox 1220 3403 1321 3438; x_wconf 89' lang='lat' dir='ltr'><strong>nos</strong></span> 
     </span>
     <span class='ocr_line' id='line_1_30' title="bbox 290 3460 1316 3535; baseline 0.003 -21"><span class='ocrx_word' id='word_1_210' title='bbox 290 3460 360 3514; x_wconf 72' lang='lat' dir='ltr'><strong>ad</strong></span> <span class='ocrx_word' id='word_1_211' title='bbox 380 3462 469 3527; x_wconf 84' lang='lat' dir='ltr'><strong>id,</strong></span> <span class='ocrx_word' id='word_1_212' title='bbox 513 3462 662 3534; x_wconf 86' lang='lat' dir='ltr'><strong>quod</strong></span> <span class='ocrx_word' id='word_1_213' title='bbox 699 3464 852 3535; x_wconf 82' lang='lat' dir='ltr'><strong>quasi</strong></span> <span class='ocrx_word' id='word_1_214' title='bbox 888 3464 1156 3535; x_wconf 88' lang='lat' dir='ltr'><strong>mancipio</strong></span> <span class='ocrx_word' id='word_1_215' title='bbox 1180 3464 1316 3519; x_wconf 75' lang='lat' dir='ltr'><strong>dare</strong></span> 
     </span>
     <span class='ocr_line' id='line_1_31' title="bbox 288 3538 1316 3615; baseline 0.004 -22"><span class='ocrx_word' id='word_1_216' title='bbox 288 3538 592 3608; x_wconf 80' lang='lat' dir='ltr'><strong>debuimus,</strong></span> <span class='ocrx_word' id='word_1_217' title='bbox 620 3555 931 3597; x_wconf 85' lang='lat' dir='ltr'><strong>ornamenta</strong></span> <span class='ocrx_word' id='word_1_218' title='bbox 954 3542 1200 3615; x_wconf 85' lang='lat' dir='ltr'><strong>quaedam</strong></span> <span class='ocrx_word' id='word_1_219' title='bbox 1222 3563 1316 3597; x_wconf 85' lang='lat' dir='ltr'><strong>vo·</strong></span> 
     </span>
     <span class='ocr_line' id='line_1_32' title="bbox 288 3620 1311 3677; baseline 0.002 -3"><span class='ocrx_word' id='word_1_220' title='bbox 288 3620 485 3675; x_wconf 72' lang='lat' dir='ltr'><strong>luimus</strong></span> <span class='ocrx_word' id='word_1_221' title='bbox 508 3642 621 3675; x_wconf 84' lang='lat' dir='ltr'><strong>non</strong></span> <span class='ocrx_word' id='word_1_222' title='bbox 648 3622 832 3675; x_wconf 88' lang='lat' dir='ltr'><strong>debita</strong></span> <span class='ocrx_word' id='word_1_223' title='bbox 856 3622 1110 3676; x_wconf 78' lang='lat' dir='ltr'><strong>accedere</strong></span> <span class='ocrx_word' id='word_1_224' title='bbox 1130 3649 1177 3675; x_wconf 76' lang='grc' dir='ltr'><strong>ι.</strong></span> <span class='ocrx_word' id='word_1_225' title='bbox 1202 3624 1311 3677; x_wconf 90' lang='lat' dir='ltr'><strong>Sci·</strong></span> 
     </span>
     <span class='ocr_line' id='line_1_33' title="bbox 286 3700 1315 3756; baseline 0.004 -5"><span class='ocrx_word' id='word_1_226' title='bbox 286 3700 413 3754; x_wconf 83' lang='lat' dir='ltr'><strong>licet</strong></span> <span class='ocrx_word' id='word_1_227' title='bbox 438 3717 755 3755; x_wconf 80' lang='lat' dir='ltr'><strong>ornamenta</strong></span> <span class='ocrx_word' id='word_1_228' title='bbox 784 3716 935 3755; x_wconf 86' lang='lat' dir='ltr'><strong>erant</strong></span> <span class='ocrx_word' id='word_1_229' title='bbox 968 3703 1023 3755; x_wconf 89' lang='lat' dir='ltr'><strong>in</strong></span> <span class='ocrx_word' id='word_1_230' title='bbox 1051 3703 1185 3755; x_wconf 87' lang='lat' dir='ltr'><strong>rutis</strong></span> <span class='ocrx_word' id='word_1_231' title='bbox 1209 3721 1315 3756; x_wconf 84' lang='lat' dir='ltr'><strong>cae·</strong></span> 
     </span>
     <span class='ocr_line' id='line_1_34' title="bbox 288 3780 1311 3852; baseline 0.004 -20"><span class='ocrx_word' id='word_1_232' title='bbox 288 3780 376 3834; x_wconf 78' lang='lat' dir='ltr'><strong>sis.</strong></span> <span class='ocrx_word' id='word_1_233' title='bbox 392 3782 567 3835; x_wconf 80' lang='lat' dir='ltr'><strong>Varro</strong></span> <span class='ocrx_word' id='word_1_234' title='bbox 592 3780 661 3835; x_wconf 86' lang='lat' dir='ltr'><strong>de</strong></span> <span class='ocrx_word' id='word_1_235' title='bbox 686 3784 767 3835; x_wconf 87' lang='lat' dir='ltr'><strong>Re</strong></span> <span class='ocrx_word' id='word_1_236' title='bbox 793 3794 926 3834; x_wconf 87' lang='lat' dir='ltr'><strong>rust.</strong></span> <span class='ocrx_word' id='word_1_237' title='bbox 951 3782 1064 3847; x_wconf 88' lang='lat' dir='ltr'>III,</span> <span class='ocrx_word' id='word_1_238' title='bbox 1102 3801 1219 3852; x_wconf 84' lang='lat' dir='ltr'><strong>cap.</strong></span> <span class='ocrx_word' id='word_1_239' title='bbox 1246 3802 1271 3836; x_wconf 89' lang='lat'>1</span> <span class='ocrx_word' id='word_1_240' title='bbox 1294 3802 1311 3835; x_wconf 86' lang='lat'>:</span> 
     </span>
     <span class='ocr_line' id='line_1_35' title="bbox 296 3861 1315 3932; baseline 0.002 -19"><span class='ocrx_word' id='word_1_241' title='bbox 296 3885 321 3905; x_wconf 74' lang='lat' dir='ltr'><strong>c</strong></span> <span class='ocrx_word' id='word_1_242' title='bbox 342 3861 529 3925; x_wconf 87' lang='lat' dir='ltr'><strong>Quum</strong></span> <span class='ocrx_word' id='word_1_243' title='bbox 558 3861 743 3913; x_wconf 79' lang='lat' dir='ltr'><strong>villam</strong></span> <span class='ocrx_word' id='word_1_244' title='bbox 774 3862 999 3913; x_wconf 83' lang='lat' dir='ltr'><strong>haberet</strong></span> <span class='ocrx_word' id='word_1_245' title='bbox 1037 3880 1201 3932; x_wconf 87' lang='lat' dir='ltr'><strong>opere</strong></span> <span class='ocrx_word' id='word_1_246' title='bbox 1240 3874 1315 3915; x_wconf 88' lang='lat' dir='ltr'><strong>te-</strong></span> 
     </span>
     <span class='ocr_line' id='line_1_36' title="bbox 290 3941 1315 4011; baseline 0.002 -19"><span class='ocrx_word' id='word_1_247' title='bbox 290 3942 459 3993; x_wconf 88' lang='lat' dir='ltr'><strong>ctorio</strong></span> <span class='ocrx_word' id='word_1_248' title='bbox 502 3954 555 3994; x_wconf 86' lang='lat' dir='ltr'><strong>et</strong></span> <span class='ocrx_word' id='word_1_249' title='bbox 601 3942 857 3993; x_wconf 72' lang='lat' dir='ltr'><strong>intestino</strong></span> <span class='ocrx_word' id='word_1_250' title='bbox 898 3953 951 3993; x_wconf 90' lang='lat' dir='ltr'><strong>et</strong></span> <span class='ocrx_word' id='word_1_251' title='bbox 996 3941 1315 4011; x_wconf 84' lang='lat' dir='ltr'><strong>pavimentis</strong></span> 
     </span>
     <span class='ocr_line' id='line_1_37' title="bbox 287 4019 1316 4090; baseline 0 -19"><span class='ocrx_word' id='word_1_252' title='bbox 287 4020 559 4073; x_wconf 83' lang='lat' dir='ltr'><strong>nobilibus</strong></span> <span class='ocrx_word' id='word_1_253' title='bbox 574 4019 919 4090; x_wconf 76' lang='lat' dir='ltr'><strong>spectandam</strong></span> <span class='ocrx_word' id='word_1_254' title='bbox 946 4045 992 4071; x_wconf 73' lang='grc' dir='ltr'><strong>ι.</strong></span> <span class='ocrx_word' id='word_1_255' title='bbox 1016 4021 1316 4086; x_wconf 83' lang='lat' dir='ltr'><strong>Vitruvius,</strong></span> 
     </span>
    </p>

    <p class='ocr_par' dir='ltr' id='par_1_17' title="bbox 288 4099 1315 4251">
     <span class='ocr_line' id='line_1_38' title="bbox 288 4099 1315 4162; baseline 0.001 -10"><span class='ocrx_word' id='word_1_256' title='bbox 288 4099 839 4162; x_wconf 74' lang='lat' dir='ltr'><strong>IV.4:-P1uteis</strong></span> <span class='ocrx_word' id='word_1_257' title='bbox 872 4100 1185 4153; x_wconf 87' lang='lat' dir='ltr'><strong>marmoreis</strong></span> <span class='ocrx_word' id='word_1_258' title='bbox 1225 4120 1315 4153; x_wconf 86' lang='lat' dir='ltr'><strong>seu</strong></span> 
     </span>
     <span class='ocr_line' id='line_1_39' title="bbox 288 4179 1318 4251; baseline 0 -20"><span class='ocrx_word' id='word_1_259' title='bbox 288 4197 352 4231; x_wconf 83' lang='lat' dir='ltr'><strong>ex</strong></span> <span class='ocrx_word' id='word_1_260' title='bbox 386 4180 639 4233; x_wconf 81' lang='lat' dir='ltr'><strong>intestino</strong></span> <span class='ocrx_word' id='word_1_261' title='bbox 667 4196 833 4250; x_wconf 83' lang='lat' dir='ltr'><strong>opere</strong></span> <span class='ocrx_word' id='word_1_262' title='bbox 862 4179 1074 4231; x_wconf 66' lang='lat' dir='ltr'><strong>factis..</strong></span> <span class='ocrx_word' id='word_1_263' title='bbox 1098 4179 1186 4231; x_wconf 87' lang='lat' dir='ltr'><strong>Sic</strong></span> <span class='ocrx_word' id='word_1_264' title='bbox 1220 4198 1318 4251; x_wconf 86' lang='lat' dir='ltr'><strong>ap-</strong></span> 
     </span>
    </p>

    <p class='ocr_par' dir='ltr' id='par_1_18' title="bbox 288 4246 1316 4330">
     <span class='ocr_line' id='line_1_40' title="bbox 288 4246 1316 4330; baseline 0 -17"><span class='ocrx_word' id='word_1_265' title='bbox 288 4271 463 4327; x_wconf 81' lang='lat' dir='ltr'><strong>paret,</strong></span> <span class='ocrx_word' id='word_1_266' title='bbox 514 4258 664 4313; x_wconf 86' lang='lat' dir='ltr'><strong>unde</strong></span> <span class='ocrx_word' id='word_1_267' title='bbox 714 4277 989 4330; x_wconf 62' lang='lat' dir='ltr'><strong>quamque</strong></span> <span class='ocrx_word' id='word_1_268' title='bbox 1042 4246 1316 4330; x_wconf 79' lang='lat' dir='ltr'><strong>eleganter</strong></span> 
     </span>
    </p>
   </div>
   <div class='ocr_carea' id='block_1_9' title="bbox 1408 3145 2444 4330">
    <p class='ocr_par' dir='ltr' id='par_1_19' title="bbox 1408 3145 2444 4013">
     <span class='ocr_line' id='line_1_41' title="bbox 1415 3145 2444 3217; baseline -0.001 -19"><span class='ocrx_word' id='word_1_269' title='bbox 1415 3158 1542 3199; x_wconf 83' lang='lat' dir='ltr'><strong>cant</strong></span> <span class='ocrx_word' id='word_1_270' title='bbox 1558 3184 1575 3211; x_wconf 83' lang='lat'>‚</span> <span class='ocrx_word' id='word_1_271' title='bbox 1606 3158 1862 3217; x_wconf 87' lang='lat' dir='ltr'><strong>quantum</strong></span> <span class='ocrx_word' id='word_1_272' title='bbox 1887 3158 1965 3198; x_wconf 90' lang='lat' dir='ltr'><strong>est</strong></span> <span class='ocrx_word' id='word_1_273' title='bbox 1981 3145 2281 3199; x_wconf 83' lang='lat' dir='ltr'><strong>Acherunti</strong></span> <span class='ocrx_word' id='word_1_274' title='bbox 2299 3165 2444 3197; x_wconf 83' lang='lat' dir='ltr'><strong>mor-</strong></span> 
     </span>
     <span class='ocr_line' id='line_1_42' title="bbox 1417 3225 2443 3297; baseline 0.001 -19"><span class='ocrx_word' id='word_1_275' title='bbox 1417 3238 1638 3279; x_wconf 88' lang='lat' dir='ltr'><strong>tuorum</strong></span> <span class='ocrx_word' id='word_1_276' title='bbox 1655 3264 1670 3289; x_wconf 94' lang='lat'>,</span> <span class='ocrx_word' id='word_1_277' title='bbox 1698 3225 1782 3277; x_wconf 79' lang='lat' dir='ltr'><strong>vel</strong></span> <span class='ocrx_word' id='word_1_278' title='bbox 1809 3225 1904 3296; x_wconf 88' lang='lat' dir='ltr'><strong>qui</strong></span> <span class='ocrx_word' id='word_1_279' title='bbox 1935 3244 2173 3297; x_wconf 85' lang='lat' dir='ltr'><strong>unquam</strong></span> <span class='ocrx_word' id='word_1_280' title='bbox 2203 3226 2443 3279; x_wconf 86' lang='lat' dir='ltr'><strong>fuerunt.</strong></span> 
     </span>
     <span class='ocr_line' id='line_1_43' title="bbox 1414 3300 2444 3376; baseline 0 -18"><span class='ocrx_word' id='word_1_281' title='bbox 1414 3306 1676 3359; x_wconf 79' lang='lat' dir='ltr'><strong>Putamus</strong></span> <span class='ocrx_word' id='word_1_282' title='bbox 1693 3300 2033 3357; x_wconf 82' lang='lat' dir='ltr'><strong>commodius</strong></span> <span class='ocrx_word' id='word_1_283' title='bbox 2049 3304 2309 3375; x_wconf 85' lang='lat' dir='ltr'><strong>explicari</strong></span> <span class='ocrx_word' id='word_1_284' title='bbox 2323 3323 2444 3376; x_wconf 84' lang='lat' dir='ltr'><strong>pos-</strong></span> 
     </span>
     <span class='ocr_line' id='line_1_44' title="bbox 1415 3396 2440 3456; baseline 0 -19"><span class='ocrx_word' id='word_1_285' title='bbox 1415 3404 1488 3449; x_wconf 85' lang='lat' dir='ltr'><strong>se,</strong></span> <span class='ocrx_word' id='word_1_286' title='bbox 1516 3397 1776 3456; x_wconf 83' lang='lat' dir='ltr'><strong>quantum</strong></span> <span class='ocrx_word' id='word_1_287' title='bbox 1801 3397 1942 3437; x_wconf 80' lang='lat' dir='ltr'><strong>terra</strong></span> <span class='ocrx_word' id='word_1_288' title='bbox 1965 3396 2164 3449; x_wconf 86' lang='lat' dir='ltr'><strong>tuetur,</strong></span> <span class='ocrx_word' id='word_1_289' title='bbox 2191 3396 2357 3437; x_wconf 83' lang='lat' dir='ltr'><strong>tectos</strong></span> <span class='ocrx_word' id='word_1_290' title='bbox 2379 3404 2440 3438; x_wconf 87' lang='lat' dir='ltr'><strong>ac</strong></span> 
     </span>
     <span class='ocr_line' id='line_1_45' title="bbox 1414 3461 2434 3526; baseline -0.001 -10"><span class='ocrx_word' id='word_1_291' title='bbox 1414 3466 1588 3517; x_wconf 78' lang='lat' dir='ltr'><strong>salvos</strong></span> <span class='ocrx_word' id='word_1_292' title='bbox 1625 3465 1807 3516; x_wconf 83' lang='lat' dir='ltr'><strong>habet.</strong></span> <span class='ocrx_word' id='word_1_293' title='bbox 1848 3464 1928 3517; x_wconf 82' lang='lat' dir='ltr'><strong>Ut</strong></span> <span class='ocrx_word' id='word_1_294' title='bbox 1967 3461 2108 3517; x_wconf 83' lang='lat' dir='ltr'><strong>Rud.</strong></span> <span class='ocrx_word' id='word_1_295' title='bbox 2142 3464 2196 3525; x_wconf 86' lang='lat'><strong>1.</strong></span> <span class='ocrx_word' id='word_1_296' title='bbox 2236 3462 2298 3526; x_wconf 82' lang='grc'><strong>3,</strong></span> <span class='ocrx_word' id='word_1_297' title='bbox 2331 3467 2434 3515; x_wconf 77' lang='lat'><strong>26:</strong></span> 
     </span>
     <span class='ocr_line' id='line_1_46' title="bbox 1421 3543 2441 3611; baseline 0 -14"><span class='ocrx_word' id='word_1_298' title='bbox 1421 3568 1443 3591; x_wconf 75' lang='grc' dir='ltr'>ι</span> <span class='ocrx_word' id='word_1_299' title='bbox 1466 3544 1582 3597; x_wconf 88' lang='lat' dir='ltr'><strong>Nec</strong></span> <span class='ocrx_word' id='word_1_300' title='bbox 1607 3544 1729 3597; x_wconf 90' lang='lat' dir='ltr'><strong>cibo</strong></span> <span class='ocrx_word' id='word_1_301' title='bbox 1751 3560 1852 3595; x_wconf 88' lang='lat' dir='ltr'><strong>nec</strong></span> <span class='ocrx_word' id='word_1_302' title='bbox 1873 3543 1996 3595; x_wconf 91' lang='lat' dir='ltr'><strong>loco</strong></span> <span class='ocrx_word' id='word_1_303' title='bbox 2026 3555 2164 3596; x_wconf 89' lang='lat' dir='ltr'><strong>tecta</strong></span> <span class='ocrx_word' id='word_1_304' title='bbox 2197 3560 2311 3611; x_wconf 88' lang='lat' dir='ltr'><strong>quo</strong></span> <span class='ocrx_word' id='word_1_305' title='bbox 2339 3543 2441 3597; x_wconf 86' lang='lat' dir='ltr'><strong>sim</strong></span> 
     </span>
     <span class='ocr_line' id='line_1_47' title="bbox 1412 3621 2438 3694; baseline 0.001 -17"><span class='ocrx_word' id='word_1_306' title='bbox 1412 3625 1523 3677; x_wconf 76' lang='lat' dir='ltr'><strong>scio</strong></span> <span class='ocrx_word' id='word_1_307' title='bbox 1545 3649 1594 3675; x_wconf 72' lang='grc' dir='ltr'><strong>ι.</strong></span> <span class='ocrx_word' id='word_1_308' title='bbox 1618 3622 1895 3677; x_wconf 79' lang='lat' dir='ltr'><strong>Sallustius</strong></span> <span class='ocrx_word' id='word_1_309' title='bbox 1919 3622 1978 3674; x_wconf 88' lang='lat' dir='ltr'><strong>in</strong></span> <span class='ocrx_word' id='word_1_310' title='bbox 2003 3621 2156 3675; x_wconf 87' lang='lat' dir='ltr'><strong>Catil.</strong></span> <span class='ocrx_word' id='word_1_311' title='bbox 2196 3645 2219 3668; x_wconf 68' lang='grc' dir='ltr'><em>α</em></span> <span class='ocrx_word' id='word_1_312' title='bbox 2250 3621 2438 3694; x_wconf 74' lang='lat' dir='ltr'><strong>Neque</strong></span> 
     </span>
     <span class='ocr_line' id='line_1_48' title="bbox 1411 3702 2438 3775; baseline 0.001 -21"><span class='ocrx_word' id='word_1_313' title='bbox 1411 3702 1563 3756; x_wconf 85' lang='lat' dir='ltr'><strong>locus</strong></span> <span class='ocrx_word' id='word_1_314' title='bbox 1593 3719 1766 3775; x_wconf 90' lang='lat' dir='ltr'><strong>neque</strong></span> <span class='ocrx_word' id='word_1_315' title='bbox 1805 3703 2006 3755; x_wconf 85' lang='lat' dir='ltr'><strong>amicus</strong></span> <span class='ocrx_word' id='word_1_316' title='bbox 2038 3702 2324 3773; x_wconf 87' lang='lat' dir='ltr'><strong>quisquam</strong></span> <span class='ocrx_word' id='word_1_317' title='bbox 2359 3715 2438 3755; x_wconf 89' lang='lat' dir='ltr'><strong>te·</strong></span> 
     </span>
     <span class='ocr_line' id='line_1_49' title="bbox 1408 3781 2438 3853; baseline -0.001 -18"><span class='ocrx_word' id='word_1_318' title='bbox 1408 3794 1515 3853; x_wconf 74' lang='lat' dir='ltr'><strong>get,</strong></span> <span class='ocrx_word' id='word_1_319' title='bbox 1542 3802 1701 3853; x_wconf 89' lang='lat' dir='ltr'><strong>quem</strong></span> <span class='ocrx_word' id='word_1_320' title='bbox 1730 3799 1874 3833; x_wconf 80' lang='lat' dir='ltr'><strong>arma</strong></span> <span class='ocrx_word' id='word_1_321' title='bbox 1899 3800 2012 3833; x_wconf 86' lang='lat' dir='ltr'><strong>non</strong></span> <span class='ocrx_word' id='word_1_322' title='bbox 2046 3781 2272 3833; x_wconf 88' lang='lat' dir='ltr'><strong>texerint</strong></span> <span class='ocrx_word' id='word_1_323' title='bbox 2291 3807 2338 3835; x_wconf 70' lang='grc' dir='ltr'><strong>ι.</strong></span> <span class='ocrx_word' id='word_1_324' title='bbox 2361 3782 2438 3834; x_wconf 93' lang='lat' dir='ltr'><strong>Ut</strong></span> 
     </span>
     <span class='ocr_line' id='line_1_50' title="bbox 1410 3860 2438 3932; baseline 0.001 -17"><span class='ocrx_word' id='word_1_325' title='bbox 1410 3862 1623 3915; x_wconf 82' lang='lat' dir='ltr'><strong>videtur</strong></span> <span class='ocrx_word' id='word_1_326' title='bbox 1643 3874 1695 3913; x_wconf 81' lang='lat' dir='ltr'><strong>et</strong></span> <span class='ocrx_word' id='word_1_327' title='bbox 1716 3862 1770 3913; x_wconf 90' lang='lat' dir='ltr'><strong>in</strong></span> <span class='ocrx_word' id='word_1_328' title='bbox 1789 3860 2164 3914; x_wconf 80' lang='lat' dir='ltr'><strong>verisimilibus</strong></span> <span class='ocrx_word' id='word_1_329' title='bbox 2179 3862 2438 3932; x_wconf 76' lang='lat' dir='ltr'><strong>accepisse</strong></span> 
     </span>
     <span class='ocr_line' id='line_1_51' title="bbox 1412 3940 1929 4013; baseline -0.006 -17"><span class='ocrx_word' id='word_1_330' title='bbox 1412 3941 1715 4013; x_wconf 85' lang='lat' dir='ltr'><strong>Scioppius.</strong></span> <span class='ocrx_word' id='word_1_331' title='bbox 1745 3940 1929 3993; x_wconf 67' lang='lat' dir='ltr'><strong>Gaon.</strong></span> 
     </span>
    </p>

    <p class='ocr_par' dir='ltr' id='par_1_20' title="bbox 1410 4020 2443 4330">
     <span class='ocr_line' id='line_1_52' title="bbox 1498 4020 2434 4075; baseline -0.003 -1"><span class='ocrx_word' id='word_1_332' title='bbox 1498 4040 1520 4074; x_wconf 86' lang='lat'>1</span> <span class='ocrx_word' id='word_1_333' title='bbox 1540 4020 1900 4075; x_wconf 78' lang='lat' dir='ltr'><strong>18.Jurast1·n&#39;</strong></span> <span class='ocrx_word' id='word_1_334' title='bbox 1925 4031 1970 4070; x_wconf 79' lang='lat' dir='ltr'><strong>te</strong></span> <span class='ocrx_word' id='word_1_335' title='bbox 1997 4020 2129 4071; x_wconf 79' lang='lat' dir='ltr'><strong>illam</strong></span> <span class='ocrx_word' id='word_1_336' title='bbox 2157 4020 2296 4071; x_wconf 78' lang='lat' dir='ltr'><strong>nulli.</strong></span> <span class='ocrx_word' id='word_1_337' title='bbox 2311 4020 2434 4071; x_wconf 83' lang='lat' dir='ltr'><strong>Tali</strong></span> 
     </span>
     <span class='ocr_line' id='line_1_53' title="bbox 1410 4099 2442 4171; baseline -0.002 -18"><span class='ocrx_word' id='word_1_338' title='bbox 1410 4100 1828 4171; x_wconf 83' lang='lat' dir='ltr'><strong>interrogatione</strong></span> <span class='ocrx_word' id='word_1_339' title='bbox 1879 4112 2105 4151; x_wconf 86' lang='lat' dir='ltr'><strong>utuntur</strong></span> <span class='ocrx_word' id='word_1_340' title='bbox 2147 4099 2442 4169; x_wconf 81' lang='lat' dir='ltr'><strong>scriptores</strong></span> 
     </span>
     <span class='ocr_line' id='line_1_54' title="bbox 1413 4178 2443 4251; baseline -0.001 -19"><span class='ocrx_word' id='word_1_341' title='bbox 1413 4194 1637 4245; x_wconf 81' lang='lat' dir='ltr'><strong>veteres,</strong></span> <span class='ocrx_word' id='word_1_342' title='bbox 1653 4179 1810 4231; x_wconf 86' lang='lat' dir='ltr'><strong>etiam</strong></span> <span class='ocrx_word' id='word_1_343' title='bbox 1839 4198 2006 4251; x_wconf 87' lang='lat' dir='ltr'><strong>quum</strong></span> <span class='ocrx_word' id='word_1_344' title='bbox 2034 4178 2443 4249; x_wconf 80' lang='lat' dir='ltr'><strong>responsionem</strong></span> 
     </span>
     <span class='ocr_line' id='line_1_55' title="bbox 1414 4258 2370 4330; baseline -0.004 -18"><span class='ocrx_word' id='word_1_345' title='bbox 1414 4259 1647 4312; x_wconf 81' lang='lat' dir='ltr'><strong>aientem</strong></span> <span class='ocrx_word' id='word_1_346' title='bbox 1673 4258 1864 4330; x_wconf 65' lang='lat' dir='ltr'><strong>subjici</strong></span> <span class='ocrx_word' id='word_1_347' title='bbox 1886 4260 2096 4311; x_wconf 86' lang='lat' dir='ltr'><strong>volunt</strong></span> <span class='ocrx_word' id='word_1_348' title='bbox 2133 4259 2314 4310; x_wconf 58' lang='grc' dir='ltr'><strong>[ΑΜΒ.</strong></span> <span class='ocrx_word' id='word_1_349' title='bbox 2363 4276 2370 4286; x_wconf 76' lang='grc'>’</span> 
     </span>
    </p>
   </div>
  </div>
 </body>
</html>
