3067 5017
1110 441 1235 516 FR
1252 443 1768 516 AGMENTA.
2357 440 2513 520 ‘535

370 565 526 633 Una
561 577 696 650 est;
739 562 1118 635 decollavit.

366 677 615 745 Surum
649 699 789 743 non
824 689 925 744 est
966 675 1111 746 tibi.

368 785 509 874 Qui
552 783 752 854 tali'st
783 784 869 854 de
902 787 1077 855 natis
1113 785 1271 859 suis..

372 893 695 966 Calchan.
2445 987 2448 990 ,

368 1005 715 1092 Amiciter,
748 1008 1099 1090 veraciter,
1132 1003 1448 1094 avariter,
1480 1005 1848 1095 munditer,
1884 1007 2226 1092 severiter,
2261 1006 2518 1075 moesti-

661 1131 787 1202 ter,
822 1116 1123 1210 aequiter‚
1167 1117 1513 1212 asperiter.

375 1225 489 1296 Sic
523 1222 695 1296 lacte
737 1224 892 1296 lacti
933 1225 1147 1296 simile
1164 1226 1267 1300 ’st.

366 1341 527 1407 Haec
570 1361 897 1433 praesepes
931 1361 1081 1405 mea
1093 1335 1194 1406 'st.
2471 1361 2520 1400 ις

365 1445 723 1541 Magadur.
2483 1449 2491 1455 ’

365 1553 622 1624 Reboo.

365 1665 766 1734 Meminens.

366 1774 707 1845 Cistellam
746 1771 924 1844 ecfer
952 1795 1107 1842 cum
1150 1769 1558 1869 crepundiis.

368 1885 756 1956 Cicatriceis
791 1879 1088 1954 denudat
1129 1899 1197 1953 et
1230 1899 1564 1955 memorat
1595 1883 1820 1956 vineis.

442 2115 502 2166 9.
528 2096 640 2149 Una
656 2109 761 2160 est,
790 2093 1055 2167 &capud
1068 2094 1393 2148 Diomedem
1570 2095 1661 2152 13.
1691 2096 1966 2154 Αωίεἰων,
2011 2108 2113 2150 cic.
2167 2097 2296 2149 Hoc
2334 2096 2514 2150 Plauti
2555 2153 2558 2157 ,

362 2173 447 2228 cd.
474 2177 689 2230 Putsch.
714 2194 832 2247 pag,
857 2176 1390 2243 361.--Decouaoie,
1478 2175 1668 2230 laudat
1693 2177 1956 2230 Priscian.
1980 2195 2038 2246 p.
2062 2193 2220 2230 1010.

322 2258 326 2262 ’
361 2253 592 2326 decepit.
1569 2261 1659 2319 14.
1704 2255 1789 2309 Sic
1830 2258 1982 2320 lacte,
2007 2269 2110 2309 etc.
2145 2253 2293 2326 apud
2324 2255 2506 2324 Valet.

448 2347 534 2386 10.
579 2335 794 2399 Surum,
841 2347 943 2387 etc.
982 2331 1131 2405 apud
1168 2332 1387 2389 Festum
1478 2333 1719 2387 Probum
1763 2333 1891 2390 edit.
1935 2335 2154 2389 Putsch.
2185 2351 2308 2406 pag.
2339 2331 2510 2399 1445.

359 2413 419 2468 h.
448 2429 505 2468 v.
528 2415 739 2478 Sumus,
784 2413 929 2468 unde
965 2429 1065 2487 per
1104 2413 1387 2468 diminuti⁴
1478 2415 1664 2478 Lacte,
1695 2415 1734 2466 i.
1763 2431 1816 2485 q.
1841 2416 1924 2468 lac
1943 2417 2187 2485 emique.

360 2511 492 2548 vum
523 2496 790 2549 surculus.
1563 2493 1654 2548 15.
1705 2495 1834 2546 Hoec
1875 2514 2116 2565 proesepes
2142 2534 2158 2558 ,
2214 2506 2315 2548 etc.
2363 2493 2511 2564 apud

445 2593 537 2628 11.
572 2577 675 2644 Qui
702 2573 888 2638 talita,
932 2563 1079 2646 apud
1124 2571 1385 2627 Priscian.
1473 2572 1658 2627 eumd.
1687 2593 1746 2644 p.
1778 2579 1950 2637 1446.

356 2650 445 2706 cd.
470 2653 685 2710 Putsch.
713 2673 771 2726 p.
807 2651 944 2723 733.
980 2677 1060 2696 -ι-
1098 2653 1253 2706 Naee's
1280 2669 1383 2724 pro
1556 2652 1646 2706 16.
1700 2647 1990 2724 sthenelam,
2048 2651 2196 2724 apud
2252 2651 2508 2708 eumdem

356 2734 605 2786 natabus.
998 2749 1007 2760 ·
1470 2753 1527 2805 p.
1561 2733 1732 2797 1454.
2163 2779 2178 2794 ,
2385 2737 2390 2742 “

444 2831 467 2865 1
484 2834 537 2868 2.
582 2813 835 2877 Calchan,
892 2810 1037 2883 apud
1076 2810 1381 2865 charisium
1476 2855 1481 2862 .
1557 2832 1642 2882 17.
1663 2813 1846 2865 Reboo.
1870 2811 2015 2876 Ibid,
2037 2831 2096 2882 p.
2127 2815 2300 2876 1486.

354 2909 413 2962 p.
453 2890 541 2946 50.
588 2892 966 2956 Inveniuntur,
1006 2891 1209 2962 inquit,
1239 2909 1381 2963 quae-
1557 2894 1644 2945 18.
1673 2895 1960 2947 Meminens.
1987 2891 2149 2963 Apud
2177 2891 2419 2962 Sergium
2443 2891 2502 2946 in

354 2965 479 3024 dam
523 2973 835 3043 peregrina,
877 2989 998 3043 quae
1039 2990 1163 3023 cum
1204 2972 1379 3024 incre·
1470 2973 1672 3025 Donat-'i
1701 2969 1832 3026 edit.
1857 2973 2080 3026 alteram
2105 2992 2162 3044 p.
2195 2973 2343 3026 1853
2371 2969 2503 3026 edit.
2537 2976 2558 2983 ⁶

353 3063 538 3104 mento
566 3051 780 3122 syllaba!
799 3049 1156 3117 declinantur,
1176 3063 1236 3104 ut
1258 3051 1381 3104 Cal·
1468 3048 1688 3106 Putsch.

353 3130 511 3196 chae,
546 3130 717 3184 Pallas
757 3150 772 3182 ε
824 3131 1029 3184 faciunt
1068 3133 1213 3185 enim
1258 3131 1381 3185 Cal·
1558 3151 1647 3202 19.
1676 3133 1955 3192 Cistellam,
1978 3144 2081 3186 etc.
2107 3129 2254 3204 apud
2275 3133 2505 3204 Fulgen-

353 3209 591 3277 chamin
629 3211 878 3282 quamvis
903 3211 1147 3280 antiqui,
1188 3223 1249 3264 ut
1283 3211 1384 3263 Pa·
1472 3209 1611 3264 tium
1638 3213 1693 3264 h.
1720 3231 1772 3265 v.
2487 3279 2490 3282 ἢ

355 3290 544 3343 cuvius
594 3303 649 3344 et
708 3287 964 3356 Plautus,
1012 3287 1249 3346 Calchan
1298 3289 1384 3344 di·
1557 3291 1950 3358 20.Cicatriceis,
1962 3303 2063 3345 etc.
2078 3309 2163 3362 ap.
2186 3288 2254 3346 Is.
2273 3285 2504 3345 Pontan.

353 3382 512 3436 cunt,
545 3389 662 3424 non
694 3369 1064 3426 Calchantem.
1474 3369 1542 3424 ad
1566 3365 1810 3427 Macrob.
1833 3369 2018 3427 Somn.
2041 3373 2185 3444 Scip.
2205 3365 2234 3424 Ῑ
2249 3411 2266 3439 ,
2289 3393 2317 3428 a
2332 3389 2381 3425 1.
