3067 5017
970 464 1653 534 TESTIMONIA.
2245 464 2380 563 597

240 582 758 671 comoediarum3
789 583 982 679 cujus
1010 586 1330 679 quoniam
1362 584 1605 656 fabulae
1645 584 1867 656 Plauti
1908 589 2240 683 inscriptae
2275 589 2382 658 fo-

240 710 422 783 rent,
466 709 770 789 acceptas
808 719 947 765 esse
996 696 1184 790 quasi
1213 695 1560 765 Plautinas
1601 722 1616 764 :
1663 722 1877 790 quum
1907 713 2127 767 essent
2161 725 2299 769 non
2343 724 2383 769 a

240 804 485 875 Plauto
526 804 885 889 Plautinae,
917 805 1033 874 sed
1070 832 1109 875 a
1151 804 1414 879 Plautio
1454 804 1842 879 Plautianae.
1881 810 2218 877 Feruntur
2268 834 2384 878 au-

240 929 374 985 tem
427 916 551 986 sub
589 914 809 985 Plauti
855 916 1127 985 nomine
1172 916 1437 989 circiter
1482 930 1754 989 centum
1813 930 2014 1013 atque
2081 920 2381 1013 triginta.

238 1026 369 1095 Sed
409 1026 614 1099 homo
652 1025 1143 1095 eruditissimus
1171 1028 1246 1095 L.
1280 1024 1491 1100 AElius
1532 1027 1832 1119 quinque
1864 1042 1932 1093 et
1964 1026 2205 1123 viginti
2244 1027 2384 1097 esse

236 1134 378 1229 ejus
414 1133 585 1205 solas
617 1136 1055 1205 existimavit:
1084 1160 1223 1209 non
1262 1150 1485 1209 tamen
1523 1134 1806 1204 dubium
1833 1150 1962 1223 est,
1993 1136 2160 1229 quin
2195 1139 2338 1207 istae
2363 1192 2385 1225 ,

233 1259 300 1313 et
329 1269 478 1341 quae
514 1246 778 1341 scriptae
800 1271 841 1315 a
876 1244 1115 1317 Plauto
1145 1269 1283 1316 non
1321 1246 1659 1335 videntur,
1693 1260 1762 1315 et
1798 1246 2056 1321 nomini
2085 1247 2228 1346 ejus
2264 1247 2382 1331 ad7

235 1355 580 1443 dicuntur,
613 1372 912 1429 veterum
946 1372 1296 1456 poetarum
1330 1357 1614 1437 fuerint,
1657 1371 1721 1425 et
1758 1358 1844 1425 ab
1883 1382 1965 1426 eo
2001 1371 2378 1431 retractatae

231 1479 300 1534 et
315 1465 627 1560 expolitae
648 1466 818 1535 sint:
855 1492 934 1536 ac
961 1481 1316 1562 propterea
1338 1467 1659 1559 resipiant
1695 1465 1938 1561 stylum
1961 1465 2374 1536 Plautinum·

229 1575 360 1646 Sed
398 1577 577 1646 enim
612 1579 1036 1647 Saturionem
1071 1593 1136 1653 et
1172 1576 1570 1663 Addictum,
1599 1590 1669 1647 et
1699 1579 1967 1654 tertiam
2005 1576 2338 1671 quandam
2360 1604 2382 1641 ν

230 1687 423 1780 cujus
472 1710 656 1757 nunc
696 1687 863 1757 mihi
902 1712 1148 1756 nomen
1196 1713 1333 1758 non
1372 1689 1706 1783 suppetit,
1761 1688 1831 1757 in
1886 1689 2168 1783 pistrino
2216 1712 2370 1755 eum

229 1796 567 1891 scripsisse
602 1801 859 1884 Varr0,
905 1812 973 1866 et
1015 1797 1321 1892 plerique
1362 1796 1475 1866 alii
1515 1800 1856 1867 memoriae
1911 1783 2371 1883 tradiderunt,

229 1930 436 1999 quum
452 1961 471 1994 ,
495 1907 776 2001 pecunia
802 1908 1019 1994 omni,
1038 1934 1239 2002 quam
1268 1910 1338 1977 in
1363 1910 1583 2003 operis
1611 1908 1938 1978 artificum
1961 1909 2374 1978 scenicorum

226 2030 621 2109 pepererat,
673 2018 743 2085 in
783 2018 1305 2087 mercationibus
1352 2018 1652 2125 perdita,
1689 2018 1884 2114 inops
1927 2023 2212 2089 Romam
2264 2041 2370 2085 re-

228 2124 492 2213 diisset3
520 2142 585 2195 et
627 2127 714 2196 ob
760 2126 1192 2222 quaerendum
1232 2128 1487 2195 victum
1525 2128 1610 2197 ad
1642 2128 2192 2223 circumagendas
2228 2152 2373 2196 mo-

226 2233 368 2323 las,
419 2260 566 2330 quae
608 2236 941 2307 trusatiles
979 2234 1425 2331 appellantur,
1473 2262 1748 2331 operam
1787 2240 2023 2332 pistori
2068 2238 2370 2334 locasset.

225 2345 415 2415 Sicut
452 2345 535 2415 de
574 2348 808 2419 Naevio
843 2372 1113 2443 quoque
1147 2348 1521 2441 accepimus
1549 2400 1568 2431 ,
1615 2346 1874 2418 fabulas
1911 2334 2066 2417 eum
2118 2350 2188 2417 in
2232 2374 2373 2418 car-

225 2480 375 2528 cere
413 2456 578 2528 duas
614 2457 989 2554 scripsisse,
1018 2456 1369 2529 Hariolum
1401 2472 1466 2525 et
1498 2460 1820 2526 Leontem
1846 2511 1865 2544 ,
1903 2472 2026 2526 etc.

818 2667 1009 2734 IDEM
1051 2686 1189 2734 mn.
1228 2667 1406 2753 VII,
1446 2690 1600 2737 CAP.
1659 2666 1766 2736 18.

319 2852 598 2923 Plautus
630 2856 833 2924 horno
870 2853 1116 2949 linguae
1150 2869 1354 2949 atque
1386 2855 1732 2951 elegantiae
1776 2856 1847 2923 in
1885 2852 2366 2923 verbislatinae

225 2988 558 3058 princeps.

792 3107 980 3176 Imm
1018 3128 1150 3176 m.
1190 3109 1429 3193 XVII,
1466 3130 1629 3178 cu».
1673 3130 1788 3179 αι.

321 3294 420 3361 Ac
445 3292 685 3361 deinde
707 3293 902 3362 annis
937 3294 1073 3363 fere
1109 3308 1262 3388 post
1293 3292 1676 3388 quindecim
1701 3346 1720 3382 ,
1754 3293 2008 3363 bellum
2044 3293 2386 3363 adversus.

223 3407 462 3473 Poenos
500 3418 792 3473 sumtum
832 3417 932 3473 est
972 3430 989 3473 ε
1030 3420 1228 3498 atque
1274 3430 1412 3473 non
1454 3404 1742 3473 nimium
1796 3403 1994 3499 longe
2044 3406 2142 3473 M.
2195 3409 2364 3475 Cato

222 3529 453 3583 orator
488 3513 558 3581 in
595 3515 894 3600 civitate,
935 3528 1001 3583 et
1035 3513 1314 3584 Plautus
1352 3530 1549 3608 poeta
1582 3516 1654 3583 in
1696 3539 1891 3584 scena
1921 3514 2321 3583 floruerunt.

822 3726 1012 3793 lom
1063 3746 1199 3791 mn.
1252 3720 1761 3811 X1x‚c.u›..8.

322 3915 616 4005 Quando
641 3912 913 3984 Plautus
945 3913 1190 4009 linguae
1215 3913 1437 3984 latinae
1479 3915 1714 4003 decuS,
1755 3914 2058 3984 deliciam
2094 3939 2362 4008 quoque

222 4032 427 4103 ἑνικῶς
465 4022 705 4093 dixerit
728 4077 747 4113 ,
784 4049 910 4119 pro
942 4022 1198 4093 deliciis
1229 4051 1244 4093 ε
1282 4029 1489 4101 «Mea
1511 4078 1529 4111 ,
1561 4027 1810 4120 iuquit,
1849 4024 2182 4119 voluptaS,
2215 4049 2362 4099 mea

219 4132 453 4205 delicia
477 4164 533 4201 ».
