3067 5017
824 477 1155 550 ACTUS
1206 486 1352 569 IV,
1403 485 1732 556 SCEN·A
1783 487 1869 556 V.

2284 487 2410 559 181

263 585 892 688 Macedoniensem,
924 603 1040 697 qui
1084 619 1380 677 te-nunc
1417 609 1688 678 flentem
1730 609 1912 678 facit.
2382 689 2391 700 ,

262 708 569 801 Quojam
608 733 747 778 esse
784 726 851 782 te
888 713 984 782 vis
1022 740 1373 806 maxume,
1413 719 1497 787 ad
1530 721 1696 788 'eum
1739 719 1912 789 duco
1957 735 2064 791 ter
2396 743 2421 782 ⁵

266 817 688 889 Callidorum
730 821 910 892 haud
948 824 1162 895 multo
1200 844 1392 922 post,
1439 830 1625 917 fax0,
1673 829 2161 925 amplexabere.

264 951 517 999 PSEUD.
564 931 751 1021 Quid
790 948 863 1002 tu
903 933 1115 1023 intuS,
1166 965 1391 1033 quaeso
1417 993 1437 1027 ,
1482 939 1854 1010 desedisti?
1896 941 2225 1034 quamdiu

262 1038 447 1107 Mihi
491 1066 609 1110 cor
645 1045 1090 1115 retunsum’st
1133 1049 1592 1144 obpugnando
1632 1048 1944 1144 pectore!

263 1172 420 1218 SYc.
461 1150 909 1224 Obcasionem
956 1159 1302 1250 reperisti,
1344 1161 1666 1246 verbero,

264 1257 407 1328 Ubi
447 1264 860 1353 perconteris
896 1290 1004 1334 me
1041 1267 1299 1337 insidiis
1337 1266 1732 1340 hostilibus!

266 1367 461 1458 Quin
500 1369 662 1442 hinc
704 1375 1023 1445 metimur
1060 1379 1383 1472 gradibus
1420 1378 1781 1450 militariis.

262 1501 508 1549 Psnun.
553 1486 802 1576 Atque,
846 1484 1123 1580 edepol,
1178 1512 1588 1584 quamquam
1627 1514 1930 1584 nequam
1963 1489 2171 1562 homo
2209 1514 2325 1568 es,

566 1607 743 1661 recte
778 1619 1034 1666 mones·

266 1701 376 1768 Ite
408 1698 536 1770 hac
566 1703 901 1797 triumphi
934 1705 1017 1774 ad
1057 1708 1461 1778 cantharum
1500 1723 1682 1779 recta
1719 1709 1858 1780 via,

800 1943 1231 2035 SCENA
1307 1947 1867 2063 QUINTA.

1167 2182 1527 2252 BALLIO.

268 2371 379 2438 Ha
413 2366 552 2440 hae!
595 2393 774 2438 nunc
816 2369 1085 2438 demum
1122 2371 1288 2440 mihi
1326 2371 1592 2444 animus
1621 2374 1691 2442 in
1733 2387 1881 2443 tuto
1921 2389 2020 2444 est
2062 2373 2264 2463 loca,

267 2483 634 2575 Postquam
677 2481 800 2549 iste
840 2479 1001 2549 hinc
1036 2481 1247 2567 abiit,
1284 2497 1484 2577 atque
1522 2481 1804 2552 abduxit
1841 2482 2218 2554 mulierem.

237 2590 447 2660 ‘Mihi
485 2589 673 2659 lubet
710 2615 891 2660 nunc
929 2591 1160 2660 venire
1194 2591 1648 2680 Pseudolum,
1687 2592 2009 2662 scelerum
2045 2608 2285 2688 caput,

264 2703 359 2770 Et
392 2699 724 2770 abducere
758 2725 797 2768 a
836 2725 942 2768 me
984 2698 1337 2770 mulierem
1377 2700 1681 2773 fallaciis.

266 2813 662 2906 Conceptis,
704 2810 971 2899 hercle,
1009 2812 1229 2880 verbis
1265 2814 1425 2882 satis
1470 2828 1656 2882 certo
1702 2815 1858 2882 scin.

266 2927 417 3016 Ego
460 2921 803 3016 perjurare
845 2920 1191 2991 mavellem
1238 2947 1346 2992 me
1386 2922 1674 3010 millies,

266 3033 497 3122 Quam
539 3032 707 3100 mihi
745 3029 933 3101 illum
971 3032 1175 3101 verba
1211 3039 1331 3127 pei·
1372 3031 1822 3103 deridiculum
1869 3031 2050 3102 dare,

353 3213 406 3264 7.
429 3195 568 3265 Quid
584 3209 638 3246 tu
657 3197 801 3246 intus.
825 3193 1003 3264 Lego:
1030 3214 1053 3237 ι
1067 3191 1214 3258 Quid
1233 3206 1293 3247 tu

267 3276 448 3341 intus,
479 3293 689 3347 quoeso,
721 3271 973 3327 desedisti
1018 3285 1125 3326 tam
1161 3271 1256 3326 diu
1272 3278 1311 3324 Ρ,

266 3355 411 3409 Mihi
442 3374 537 3408 cor
564 3369 839 3408 retunsum
852 3353 915 3406 kt
943 3347 1063 3424 (pro
1088 3365 1297 3406 retusum

266 3432 363 3499 est)
406 3433 772 3506 oppugnando
818 3444 1035 3503 pectore
1058 3457 1107 3487 ι.
1152 3435 1297 3488 Dum

267 3527 519 3587 exspecto
544 3527 760 3567 rectene
794 3531 860 3564 an
890 3531 1171 3583 perperam
1199 3531 1299 3566 ne-

266 3595 475 3666 gotium
524 3593 821 3664 peregeris,
870 3590 939 3644 de
985 3590 1297 3646 abducenda

269 3674 488 3745 virgine
516 3692 548 3728 a
582 3674 806 3737 lenone,
844 3671 917 3724 ita
952 3671 1085 3724 mihi
1124 3672 1299 3744 palpi-

249 3739 439 3808 'tando
485 3772 580 3807 cor
622 3765 807 3824 pectus
849 3749 1019 3815 uadit,
1073 3763 1135 3804 ut
1189 3754 1298 3822 jam

268 3834 451 3906 ipsum
466 3833 673 3903 penitus
686 3843 921 3885 retusum
936 3830 1020 3883 sit.
1044 3831 1298 3885 Dlssann.

355 3916 410 3966 8.
440 3910 781 3984 Obpugnando
800 3921 1015 3980 pectore.
1046 3909 1137 3965 Cf.
1166 3910 1295 3964 Aul.

274 3994 376 4060 IV,
414 3995 445 4047 3
461 4031 491 4057 ,.
513 4011 567 4056 4.

360 4092 445 4126 ιο.
470 4073 698 4124 Pet-cont.
732 4088 804 4122 me
844 4069 991 4120 insid.
1030 4069 1301 4122 hostilibus.

272 4152 486 4207 Scilicet
532 4170 619 4204 me
671 4147 1028 4220 percontandi
1076 4147 1303 4219 pulchra

276 4234 487 4287 occasio
520 4245 629 4298 est,
658 4247 826 4300 quum
866 4247 1033 4301 prope
1060 4229 1169 4282 sim:
1202 4228 1301 4284 ho·

1383 3195 1489 3249 stes
1502 3235 1519 3262 ,
1549 3198 1642 3267 qui
1662 3196 1820 3249 nobis
1837 3192 2081 3249 insidiari
2099 3192 2322 3264 possint.
2347 3191 2414 3246 N;

1473 3295 1495 3329 1
1514 3295 1562 3330 1.
1608 3277 1742 3346 Quin
1779 3277 1890 3328 Ιιίηο
1929 3277 2164 3328 metimur.
2209 3273 2410 3326 Sanum

1386 3367 1493 3412 est,
1538 3355 1685 3427 quod
1734 3356 1934 3409 habent
1992 3371 2180 3406 omnes
2237 3352 2360 3403 libri
2398 3372 2411 3402 ε

1390 3436 1584 3501 «Quin
1634 3436 1763 3489 hinc
1818 3435 2073 3488 metimur
2095 3459 2117 3480 ι
2140 3471 2156 3497 ,
2213 3449 2411 3500 ιιοπιῃρ

1385 3518 1544 3577 viam,
1572 3528 1624 3568 et
1652 3528 1759 3568 tam
1788 3515 2014 3569 latinum
2031 3551 2048 3576 ,
2078 3538 2101 3560 ι
2127 3511 2269 3564 Hinc
2301 3528 2415 3561 me-

1386 3595 1614 3658 timurn,
1637 3613 1794 3666 quam
1816 3614 1924 3648 non
1946 3593 2195 3656 latinum,
2217 3588 2416 3641 «Hinc-

1387 3687 1499 3728 met
1547 3675 1731 3728 imus·
1754 3713 1772 3740 ‚
1819 3671 1968 3744 quod
2011 3672 2132 3725 vult
2171 3668 2414 3724 Boxhors

1384 3754 1527 3810 nius.
1564 3755 1736 3808 Porro
1769 3754 1964 3825 gradus
1997 3751 2256 3803 militares
2293 3762 2436 3801 sunt-

1388 3833 1586 3903 quibus
1628 3834 1758 3891 olim
1796 3852 1859 3885 ex
1896 3830 2101 3886 militiae
2139 3827 2428 3898 disciplina·

1390 3913 1495 3966 iter
1551 3913 1727 3968 facere
1778 3912 1930 3966 miles
1979 3911 2200 3964 solebat.
2257 3906 2419 3960 Horis
2453 3905 2464 3922 ⁸

1390 3994 1636 4064 quinque
1661 3992 1852 4046 estivis
1880 4009 1949 4044 20
1975 3988 2144 4042 millia
2169 4005 2446 4059 passuum,

1390 4073 1598 4126 emetiri
1625 4072 1928 4133 tenebatur,
1947 4083 2008 4122 ut
2035 4067 2292 4139 vegetius
2319 4065 2419 4120 do-

1389 4165 1495 4206 cet.
1520 4153 1706 4206 Gnozc.
2277 4203 2282 4208 ‚

1480 4233 1570 4286 13.
1598 4234 1703 4297 Ite,
1728 4231 1922 4285 venite.
1939 4230 2130 4284 Bacch.
2148 4228 2227 4290 V,
2257 4245 2310 4291 2,
2331 4229 2430 4294 67.
