3067 5017
1038 348 1700 419 FRAGMENTA.

2305 342 2448 441 5¹9

656 606 787 672 ms
836 584 1361 673 CONPRESSA
1414 604 1582 671 SEU
1637 600 2083 672 BoEoT1A*.

291 821 389 888 Ut
431 816 629 888 illum
672 816 767 884 dii
809 814 1127 910 perdant,
1173 816 1431 910 primus
1468 817 1587 909 qui
1631 815 1832 884 horas
1869 818 2148 910 reperit,

291 928 570 1021 Quique
614 926 779 994 adeo
816 927 1075 1019 primus
1110 925 1260 994 heic
1295 927 1524 995 statuit
1564 923 1882 995 solarium
1906 980 1925 1011 ‚

291 1040 433 1128 Qui
466 1036 637 1105 mihi
680 1038 1053 1106 conminuit
1087 1038 1331 1107 misero
1366 1036 1772 1105 articulatim
1817 1038 2016 1106 diem.

290 1152 475 1219 Nam
514 1174 620 1217 me
654 1172 866 1243 puero
900 1163 1128 1217 uterus
1162 1148 1274 1218 hic
1318 1162 1469 1217 erat
1501 1144 1817 1216 solarium
1837 1202 1856 1235 ‚

290 1256 519 1328 Multo
556 1259 862 1329 omnium
897 1260 1181 1327 istorum
1212 1273 1568 1353 optumum
1609 1272 1676 1327 et
1712 1258 2193 1345 verissumum‚
2427 1281 2448 1319 s

290 1368 426 1437 Ubi
459 1369 587 1437 iste
617 1352 969 1455 monebffl‚
1008 1394 1185 1453 esse;
1225 1368 1351 1435 nisi
1388 1394 1592 1461 quom
1635 1367 1803 1436 nihil
1841 1366 2003 1437 erat.

287 1480 497 1547 Nunc
534 1478 737 1547 etiam
776 1478 958 1572 quod
998 1492 1133 1562 est,
1173 1503 1309 1546 non
1351 1493 1487 1565 est,
1517 1479 1642 1545 nisi
1677 1477 1806 1547 soli
1846 1476 2049 1549 lubet.

291 1594 531 1683 Itaque
566 1588 734 1657 adeo
764 1590 905 1681 jam
949 1587 1297 1683 obpletum
1318 1586 1399 1657 'st
1434 1588 1760 1683 oppidum
1797 1588 2076 1659 solariis.
2161 1624 2168 1630 ·

290 1700 523 1795 Maj0r
557 1725 711 1795 pars
746 1699 981 1794 populi
1016 1698 1189 1767 aridi
1220 1714 1487 1793 reptant
1524 1700 1722 1768 fame.

370 1900 396 1925 '¹
410 1906 629 1960 Boeotia.
643 1906 881 1959 Βοιωτίαν
909 1906 1193 1976 scripserat
1217 1908 1329 1956 An·

296 1988 549 2057 tiphanes
571 2022 587 2049 ,
644 2003 805 2057 quam
861 1985 1081 2039 Plautus
1132 1985 1327 2051 vertit,

292 2068 376 2120 vel
408 2066 664 2137 quisquis
700 2079 885 2118 auctor
916 2065 1060 2117 illius
1091 2065 1281 2117 fabulae
1311 2086 1323 2116 τ

293 2166 416 2199 nam
437 2146 652 2217 Aquilii
674 2163 785 2197 esse
812 2144 1031 2217 quidam
1055 2143 1325 2198 dicebant.

293 2226 471 2279 Varro
507 2240 623 2277 eam
656 2226 845 2277 Plauto
872 2214 1181 2277 vindicavit.
1215 2225 1327 2276 Ve-

292 2305 567 2359 rissimum
592 2323 692 2375 ego
714 2316 900 2375 putem
922 2305 1171 2357 Plautum
1190 2305 1323 2373 ῥῆσιν

293 2386 437 2439 banc
466 2384 725 2455 parasiti,
753 2396 935 2437 contra
963 2384 1122 2434 horas
1148 2396 1201 2437 et
1223 2384 1326 2435 ho-

294 2466 501 2534 rologia
534 2464 849 2533 queritantis
868 2502 883 2529 ,
914 2463 1142 2535 palliatae
1170 2462 1323 2515 fabu-

294 2545 358 2597 lae
372 2544 677 2598 adtexuisse
692 2563 756 2595 ex
780 2556 1083 2614 temporum
1108 2562 1324 2595 suorum

295 2644 428 2687 usu,
454 2637 512 2677 et
539 2623 746 2676 novitio
774 2623 867 2676 illo
896 2624 1137 2675 invento.
1169 2622 1325 2689 Sane,

294 2704 553 2757 convenit
570 2715 799 2773 tempus.
826 2704 1045 2755 Plautus
1080 2704 1135 2754 in
1168 2722 1326 2757 scena.

294 2783 483 2839 floruit
532 2784 852 2854 scripsitque
900 2782 1055 2835 initio
1085 2782 1323 2835 secundi

295 2864 424 2916 belli
450 2863 681 2928 Punici,
710 2862 925 2919 circiter
956 2880 1158 2915 annum
1183 2862 1321 2915 Urb.

296 2942 457 2995 cond.
506 2941 639 2995 535.
686 2943 925 2995 Primum
982 2942 1323 3013 horologium

295 3024 483 3076 Romae
525 3024 582 3074 in
622 3023 743 3074 foro
781 3022 1011 3092 positum
1050 3039 1165 3079 ,esse
1193 3036 1327 3073 ‘con-

294 3104 536 3155 sentiunt
561 3113 804 3154 auctores
828 3120 971 3154 anno
1001 3113 1122 3173 post
1154 3102 1225 3154 U.
1260 3102 1322 3155 C.

300 3188 433 3249 499.
479 3176 586 3233 Sed
616 3179 767 3252 quod
798 3181 903 3233 hoc
952 3182 1073 3233 loco
1120 3182 1195 3233 ait
1234 3181 1325 3232 ille

294 3262 588 3331 parasitus,
629 3258 893 3332 oppidum
926 3263 1035 3331 jam
1078 3275 1193 3313 tum
1232 3280 1329 3331 op-

298 3341 507 3410 pletum
556 3340 717 3393 fuisse
757 3340 995 3405 solariis,
1026 3340 1173 3394 haud
1204 3342 1329 3393 satis

296 3419 459 3474 video
488 3418 771 3491 quomodo
808 3419 877 3473 sit
906 3420 1277 3491 accipiendum
1308 3441 1321 3471 ε

298 3513 443 3554 certe
482 3500 527 3552 si
574 3498 643 3553 de
684 3501 819 3553 urbe
858 3502 1031 3552 Roma
1069 3501 1325 3572 loquitur,

298 3579 493 3633 falsum
517 3578 667 3633 dicit.
694 3581 831 3633 Nam
865 3598 962 3650 per
981 3598 1099 3635 eam
1119 3591 1327 3634 atatem

1418 1905 1646 1958 unicum
1687 1905 1792 1958 fuit
1831 1908 2016 1959 Romae
2058 1903 2442 1975 horologium,

1416 1985 1564 2057 quod
1593 2004 1658 2039 ex
1691 1983 1868 2039 Sicilia
1900 1983 2184 2040 advectum
2217 1998 2331 2048 est,
2359 1979 2452 2039 cui

1416 2080 1471 2118 et
1515 2065 1754 2135 paruisse
1803 2068 2076 2129 Romanos
2117 2066 2301 2117 scribit
2339 2066 2449 2119 Pli-

1414 2146 1557 2197 nius.
1611 2143 1719 2197 Sed
1769 2146 2107 2215 parasiticam
2155 2163 2442 2214 personam

1414 2223 1702 2293 cogitanti,
1781 2226 1877 2295 qui
1941 2222 2229 2278 deridiculi
2289 2244 2445 2279 causa

1414 2304 1597 2355 omnia
1628 2316 1934 2374 exaggerat,
1971 2305 2108 2356 mira
2145 2322 2258 2356 non
2299 2303 2449 2359 vide·

1416 2384 1562 2435 bitur
1604 2384 1718 2435 haec
1756 2383 1826 2435 de
1855 2374 2108 2453 ‘pluribus
2150 2384 2445 2455 horologiis

1415 2462 1760 2533 conquesti0‚
1783 2462 1952 2533 quum
1981 2463 2204 2517 unicum
2233 2476 2444 2517 tantum

1416 2555 1551 2596 esset
1576 2542 1632 2593 in
1659 2542 2006 2595 urbe.*SA1.u.

1502 2642 1552 2675 1.
1585 2622 1655 2674 Ut
1681 2623 1846 2693 illum,
1870 2635 1970 2675 etc.
2005 2623 2118 2673 Hos
2144 2639 2328 2673 versus
2351 2621 2446 2675 dat

1414 2702 1621 2756 Gellius
1648 2702 1805 2755 Noct.
1833 2703 1952 2755 Att.
1979 2701 2096 2767 ΙΙΙ,
2137 2700 2190 2754 3.
2221 2732 2300 2743 --
2337 2702 2407 2754 Ut
2426 2740 2442 2767 ,

1412 2782 1636 2835 utinam.
1815 2833 1822 2839 .

1496 2860 1551 2915 5.
1615 2862 1844 2914 Istorum.
1905 2862 2092 2931 Longe
2159 2858 2440 2914 meliorem

1413 2960 1572 3013 quam
1602 2941 1698 2993 ista
1715 2980 1730 3005 ,
1759 2958 1872 3011 prae
1900 2940 2014 2993 istis
2040 2952 2344 3010 optumum.

1498 3026 1554 3074 6.
1585 3022 1740 3085 Esse,
1769 3020 1925 3073 vesci.
1948 3021 1994 3072 Ι.
2013 3038 2063 3072 e.
2085 3031 2274 3073 uterus
2293 3039 2446 3073 meus

1414 3102 1549 3153 mihi
1574 3114 1686 3153 erat
1708 3100 1964 3153 solarium
1985 3139 2000 3166 ‚
2040 3118 2169 3179 quoq
2185 3100 2350 3154 fiebat
2383 3114 2446 3153 ut

1414 3180 1565 3234 cibus
1609 3192 1926 3245 sumeretur,
1964 3189 2132 3251 quum
2163 3182 2446 3234 monebam

1416 3260 1518 3312 nisi
1545 3278 1711 3331 quum
1736 3260 1888 3311 cibus
1909 3258 2112 3312 deerat.

1499 3360 1555 3411 7.
1581 3340 1726 3393 Nunc
1747 3342 1912 3404 etiam,
1936 3351 2039 3391 etc.
2053 3336 2222 3413 Nunc
2243 3339 2449 3391 etiamsi

1412 3421 1610 3473 habeas
1623 3457 1636 3483 ,
1657 3418 1806 3489 quod
1826 3418 1962 3483 edis,
1988 3432 2164 3471 tamen
2185 3436 2297 3471 non
2317 3418 2449 3485 edis,
2495 3414 2506 3423 ⁰

1416 3500 1520 3553 nisi
1551 3501 1630 3552 sol
1657 3498 1864 3553 -horam
1914 3500 2236 3571 signaverit,
2291 3510 2452 3569 atque
2527 3548 2532 3553 .

1416 3580 1498 3632 ini
1530 3580 1783 3647 libuerit,
1809 3592 1872 3633 ut
1897 3598 2009 3633 non
2040 3580 2260 3633 esurias.
