3067 5017
843 410 1172 479 ACTUS
1223 412 1382 499 111,
1435 412 1777 483 SCENA
1829 412 1936 483 11.

2332 412 2471 499 245

325 536 407 601 Et
437 530 564 601 tibi
597 555 737 600 esse
768 548 1157 602 eventuram
1193 534 1324 604 hoc
1355 561 1534 604 anno
1573 535 1849 604 uberem
1882 558 2165 605 messem
2196 523 2392 624 mali,

323 649 416 715 Ut
447 645 616 712 mihi
644 645 822 747 =istuc
851 645 1032 715 dicas
1063 648 1289 741 negoti
1325 646 1491 741 quid
1528 649 1643 732 sit,
1687 646 1870 740 quod
1913 645 2301 718 tumultueS.

324 778 577 825 TRACH.
615 754 756 843 Qui
785 754 972 851 lubet
1001 755 1438 826 maledicere?
1461 756 1778 856 ‘equidem
1806 756 1928 824 tibi
1955 756 2133 823 bona
2163 759 2469 852 exoptavi

612 867 863 935 omnia.

2419 886 2503 943 ans=

321 998 509 1043 DAEM.
541 979 721 1044 Bene
748 976 1059 1069 equidem
1094 978 1216 1045 tibi
1255 979 1441 1065 dico,
1471 979 1631 1071 qui,
1660 992 1726 1047 te
1761 974 1965 1069 digna
2004 990 2081 1045 ut
2114 978 2427 1045 eveniant
2449 1030 2469 1064 ,

611 1106 874 1176 precor.

319 1215 579 1261 TRAcH.
628 1194 966 1281 Obsecro,
1022 1194 1152 1264 hoc
1194 1210 1594 1289 praevortere
1636 1222 1823 1291 erg0.
1882 1222 2073 1267 DAEM.
2124 1197 2310 1285 Quid
2354 1222 2470 1266 ne-

609 1304 749 1395 goti
766 1302 890 1371 ’sti'
930 1328 1192 1374 TRACH.
1233 1304 1555 1374 Mulieres
2503 1311 2512 1318 ’

317 1412 484 1478 Duae
523 1412 938 1482 innocenteis
970 1415 1150 1483 intus
1192 1415 1340 1483 heic
1374 1432 1566 1501 sunt,
1602 1417 1704 1483 tui
1744 1414 2149 1510 indigenteis
2178 1412 2417 1500 auxili,

314 1523 578 1611 Quibus
621 1523 1032 1593 advorsum
1008 1551 1150 1617 Jus,
1194 1524 1508 1622 legesque
1553 1528 1871 1621 insignite
1913 1526 2157 1618 injuria
2198 1526 2344 1593 heic

313 1634 536 1702 Facta’
539 1648 630 1718 st,
661 1635 916 1729 fitque
901 1662 967 1703 in
995 1628 1278 1707 Veneris
1315 1638 1522 1707 fano:
1559 1654 1704 1707 tum
1738 1638 2044 1707 sacerdos
2064 1638 2357 1709 Veneria
2414 1656 2465 1697 3ο

311 1742 594 1837 Indigne
610 1743 1009 1815 adflictatur.
1032 1770 1228 1817 DAEM.
1253 1750 1428 1837 Quis
1455 1749 1663 1817 homo
1682 1764 1781 1817 est
1808 1764 1991 1817 tanta
2020 1748 2461 1833 confidentia,

309 1854 444 1941 Qui
489 1846 902 1923 sacerdotem
936 1856 1177 1925 audeat
1212 1856 1514 1927 violare?
1541 1859 1656 1927 sed
1692 1883 1783 1927 eae
1814 1857 2129 1927 mulieres

309 1964 478 2055 Quae
515 1966 716 2035 sunt?
752 1982 869 2035 aut
899 1968 1116 2063 quid
1099 1970 1180 2037 iis
1217 1969 1433 2063 iniqui
1466 1968 1585 2039 fit?
1612 1993 1875 2042 Tuscu.
1902 1970 1974 2039 Si
2014 1968 2131 2039 das
2159 1992 2465 2064 operam,

597 2076 895 2171 eloquar.

305 2188 590 2255 Veneris
634 2189 902 2282 signum
946 2203 1106 2258 sunt
1135 2188 1492 2284 amplexae,
1534 2187 1818 2257 nunc***

302 2300 432 2365 Eas
469 2296 776 2392 deripere
809 2299 948 2367 volt
975 2325 990 2367 τ
1022 2325 1130 2368 eas
1161 2301 1400 2369 ambas.
1423 2324 1565 2368 esse
1599 2315 1867 2393 oportet

1874 2295 1967 2329 *a*
2404 2319 2427 2357 3
2434 2318 2455 2355 5

299 2418 495 2464 DAEM.
538 2397 716 2484 Quis
747 2398 897 2467 istic
925 2412 1058 2481 est,
1105 2400 1219 2491 qui
1266 2398 1425 2465 deos
1469 2413 1605 2466 tam
1640 2396 2113 2491 parvipendit?

300 2530 555 2577 TRACH.
594 2508 911 2594 Fraudis,
949 2508 1212 2578 sceleris
1237 2562 1256 2595 ,
1283 2508 1638 2603 parricidi,
1671 2509 1922 2603 perjuri
1966 2506 2239 2602 plenus,

298 2619 669 2711 Legirupa,
706 2619 1073 2713 inpudenS,
1113 2621 1428 2714 inpuruS,
1468 2618 2209 2687 inverecundissumus:

295 2729 456 2796 Uno
486 2729 696 2797 verbo
719 2728 1060 2797 absolvam
1079 2728 1386 2816 ,leno'st:
1412 2729 1578 2825 quid
1602 2726 2019 2823 illum'porro
2047 2726 2449 2841 praedicem?

292 2985 632 3047 mutandum,
651 2994 705 3034 et
719 2981 867 3034 nulla
885 2982 1029 3053 cogit
1041 2982 1316 3037 sententia.

293 3062 554 3115 Obtestor
595 3074 681 3126 te,
715 3074 776 3115 ut
805 3062 906 3114 tibi
933 3063 1160 3114 ulmeam
1192 3064 1319 3115 ube-

291 3160 405 3194 rem
440 3160 554 3195 esse
581 3159 762 3213 speras
786 3142 1189 3209 virgidemiam,
1231 3142 1316 3195 di-

290 3234 438 3274 ctum
470 3232 576 3273 est:
608 3244 631 3264 ι
647 3221 732 3273 Ut
748 3240 842 3273 vos
865 3221 921 3275 in
943 3222 1134 3275 vostris
1156 3222 1316 3275 voltis

289 3300 674 3363 mercimoniis,
693 3314 795 3354 etc.
809 3302 881 3354 ita
897 3302 1024 3354 huic
1042 3302 1244 3355 facietis
1261 3327 1282 3348 ι
1295 3341 1310 3355 .

289 3382 384 3447 Et,
427 3407 451 3428 οι
483 3380 634 3434 Sicut
657 3393 808 3433 tuum
833 3381 912 3435 vis
937 3382 1154 3435 unicum
1191 3401 1318 3453 gna-

288 3473 406 3515 tum
430 3472 568 3527 tuae,
587 3473 694 3515 etc.
711 3462 786 3513 ita
806 3471 858 3512 te
881 3463 1119 3515 obtestor
1137 3488 1185 3515 a.
1209 3460 1316 3515 Sed

289 3542 532 3612 sequitur
555 3542 610 3592 τὸ
639 3542 709 3593 Ue
726 3559 866 3593 vers.
890 3548 984 3603 Ao,
1013 3542 1118 3594 alio
1144 3560 1316 3595 sensu.

291 3620 436 3685 Quid
472 3633 586 3672 tum
607 3626 630 3671 ?
655 3620 832 3673 Etiam
861 3620 1052 3677 Cicero
1080 3622 1154 3674 sic
1181 3622 1318 3674 solet

288 3699 526 3754 diversos
555 3701 878 3771 significatus
903 3703 1015 3773 ejus
1041 3700 1316 3771 particulae

289 3780 475 3833 eodem
508 3780 567 3831 in
590 3782 880 3851 complexu
910 3781 1164 3833 orationis
1195 3782 1316 3851 jun-

289 3878 425 3929 gere.
445 3858 590 3913 Vide
620 3860 847 3913 Observ.
872 3862 989 3926 ΙΙΙ,
1012 3865 1064 3915 6.
1086 3862 1271 3914 Grion.

371 3960 461 4010 27.
503 3941 620 3993 Hoc
653 3954 974 4011 praevortere,
1015 3942 1119 3993 hoc
1157 3940 1314 4010 quod

289 4016 405 4073 dico
431 4020 654 4073 attende
681 4040 793 4091 prae
821 4022 1022 4074 caeteris
1044 4022 1220 4073 rebus,

369 4099 458 4153 32.
483 4100 796 4153 Sacerdotem
816 4102 996 4154 audeat
1011 4100 1216 4152 violare.
1248 4100 1315 4152 Ei

292 4180 428 4233 enim
459 4178 646 4234 ordini
673 4180 921 4234 eumdem
951 4182 1186 4235 habuere
1219 4180 1317 4232 lio-

1411 3002 1601 3037 norem
1648 2982 1896 3035 homines
1940 2998 2103 3051 quem
2142 2979 2270 3049 ipsis
2310 2977 2444 3034 deis,

1405 3062 1737 3115 Artemidor.
1762 3062 1858 3113 lib.
1879 3060 1953 3125 ΙΙ,
1971 3079 2089 3131 cap.
2112 3066 2207 3131 74.

1487 3145 1584 3197 33.
1614 3143 1676 3195 Si
1713 3143 1804 3193 das
1844 3160 2068 3211 operam,
2092 3140 2135 3193 si
2163 3156 2249 3192 me
2270 3138 2439 3193 audis.

1403 3223 1488 3275 Cf.
1518 3224 1678 3275 Curc.
1708 3224 1794 3286 11,
1834 3242 1861 3275 ι
1884 3261 1899 3285 ,
1938 3240 1993 3290 9.

1475 3300 1580 3365 -34,
1598 3303 1759 3355 Nunc.
1784 3303 1860 3353 Ita
1888 3314 1967 3353 est
1996 3300 2051 3351 in
2071 3300 2207 3352 MSS
2230 3312 2281 3351 et
2306 3296 2434 3351 edd.

1365 3390 1369 3398 ’
1403 3381 1633 3453 primis:
1664 3380 1811 3453 quod
1850 3382 2185 3435 Camerarius
2220 3378 2287 3430 ad
2328 3378 2436 3431 hoc

1407 3462 1710 3532 exemplum
1734 3461 1934 3531 expleri
1958 3478 2111 3530 posse
2142 3459 2437 3529 suspicatus

1407 3554 1485 3593 est
1509 3562 1520 3592 ε
1565 3568 1587 3589 ιι
1611 3542 1715 3593 Vir
1738 3539 2172 3593 sceleratissimus
2196 3561 2219 3583 ι
2244 3576 2259 3601 ,
2302 3551 2392 3590 aut
2411 3574 2428 3600 ‚

1413 3647 1435 3667 α
1453 3622 1558 3673 Vir
1584 3620 1963 3673 audacissimus
1985 3646 2033 3671 n.
2077 3617 2228 3679 Idem
2264 3616 2429 3687 adxvs.

1405 3714 1714 3771 sequentem
1774 3698 1960 3760 attexit
2013 3698 2190 3751 liber-as
2208 3718 2227 3757 ‚·
2286 3696 2445 3767 quod³

1403 3779 1834 3851 nusquamalibi
1874 3776 2050 3830 video.
2089 3780 2171 3830 Ita
2214 3778 2446 3830 tertium·

1403 3861 1663 3931 compleri
1684 3878 1838 3930 posse
1862 3871 2039 3909 censet
2056 3858 2147 3910 tali
2166 3858 2401 3910 clausula
2420 3874 2455 3909 :-

1412 3966 1434 3987 ιι
1456 3980 1551 3993 .....
1561 3937 1901 4011 parvipendit
1919 3942 1943 3987 Ρ
1972 3938 2252 4008 eloquere,
2282 3938 2435 3991 obse·

1405 4038 1500 4072 cro
1534 4048 1581 4071 ιι.

1489 4100 1581 4151 36.
1610 4100 1743 4150 Deos
1778 4111 1874 4150 tam
1908 4100 2234 4168 parvipendit.
2273 4098 2466 4152 Portae.

1407 4176 1715 4231 addendum
1740 4192 1789 4230 ct
1812 4179 1947 4233 deas..
1969 4171 2228 4240 scamma
2285 4202 2291 4209 ·
2404 4199 2406 4201 ·
