3067 5017
634 392 774 464 288

1474 395 1948 478 RUDENS,

628 538 816 587 Gmr.
858 516 1219 602 Cubitum,
1255 514 1519 604 hercle,
1561 515 1780 613 longis
1820 516 2029 586 literis
2071 518 2360 611 signabo·
2379 518 2515 613 jam
2551 546 2788 617 usque-

916 650 1223 720 quaque,

627 737 697 806 Si
726 737 875 830 quis
900 734 1265 831 perdiderit
1298 734 1604 806 vidulum
1637 762 1791 805 cum
1823 761 1987 806 auro
2007 751 2208 832 atque
2231 754 2510 832 argento
2529 739 2746 811 multo
2764 796 2784 830 ‚

624 846 733 914 Ad
765 846 1058 939 Gripum
1095 861 1173 914 ut
1206 847 1449 915 veniat.
1482 851 1638 918 Non
1673 846 1898 915 feretis
1937 848 2175 933 istum,
2204 860 2283 915 ut
2319 848 2691 942 postulatis.

623 978 824 1025 LABR.
861 958 1129 1041 Meum,
1158 954 1417 1041 hercle,
1457 954 1594 1026 illic
1629 957 1833 1025 homo
1858 956 2160 1026 vidulum
2192 960 2352 1044 scit,
2383 960 2500 1051 qui
2536 960 2742 1031 habet
2765 1015 2785 1049 ‚

921 1086 997 1139 ut
1042 1096 1165 1165 ego
1204 1071 1471 1164 opinor.

2727 1110 2785 1159 ¹?

623 1179 995 1249 Adeundus
1033 1180 1199 1249 mihi
1238 1178 1374 1249 illic
1414 1194 1516 1248 est
1561 1180 1787 1249 homo.
1829 1182 1959 1268 Di,
2000 1206 2261 1273 quaeso,
2301 1182 2671 1255 subvenite.

625 1314 814 1361 GRIP.
854 1290 1043 1381 Quid
1079 1316 1185 1359 me
1221 1290 1403 1357 intro
1441 1288 1756 1360 revocas?
1784 1294 1931 1359 Hoc
1969 1288 2129 1360 volo
2161 1290 2312 1359 heic
2346 1306 2504 1361 ante
2531 1293 2783 1361 ostium

918 1416 1262 1495 extergere
1281 1454 1300 1484 ‚

620 1513 795 1582 Nam
825 1511 958 1581 hoc
984 1512 1254 1605 quidem
1274 1563 1293 1599 ‚
1323 1508 1472 1605 pol,
1508 1536 1546 1579 e
1577 1511 1926 1609 robigine,
1952 1536 2093 1581 non
2118 1536 2155 1579 e
2189 1510 2367 1580 ferro
2395 1511 2781 1598 factum’st3
2827 1602 2836 1610 .

617 1624 721 1690 lta
758 1637 1011 1715 quanto
1046 1622 1255 1715 magis
1292 1636 1640 1715 extergeo‚
1684 1620 1962 1690 rutilum
1997 1636 2202 1716 atque‘
2231 1624 2495 1691 tenuius
2533 1623 2684 1692 fiat:

616 1736 793 1805 'Nam
829 1731 1098 1827 quidem
1133 1731 1262 1800 hoc
1302 1758 1455 1801 vere
1496 1747 1780 1828 gnatum
1795 1730 1875 1802 ’st
1902 1758 2138 1802 verum
2170 1760 2184 1802 :
2229 1734 2323 1803 ita
2359 1734 2429 1802 in
2467 1735 2780 1805 manibus

916 1841 1353 1911 consenescit.

2727 1867 2776 1904 15

623 1976 829 2023 LABR.
875 1951 1322 2037 AdulescenS,
1355 1948 1554 2019 salve.
1605 1975 1793 2022 emp,
1842 1952 1934 2021 Di
1971 1966 2037 2019 te
2077 1967 2306 2021 ament
2353 1978 2510 2023 cum
2551 1955 2778 2024 inraso

914 2062 1153 2156 capite.
1199 2085 1404 2132 Lanu.
1450 2061 1640 2150 Quid
1675 2061 1798 2131 fit?

695 2279 746 2330 7.
776 2257 1021 2311 Cubitum.
1041 2257 1301 2311 Homines
1321 2258 1644 2328 pauperculi

614 2338 673 2389 in
715 2356 776 2390 re
819 2338 910 2390 tali
956 2332 1339 2410 compendium
1380 2337 1644 2408 praeconis

611 2418 785 2471 facere
824 2418 1062 2470 solebant
1095 2436 1108 2469 ε
1149 2430 1207 2471 ut
1251 2417 1550 2470 Gelasimus
1585 2418 1642 2469 in

612 2498 814 2551 Sticho.
847 2496 1231 2569 opulentiores
1267 2515 1397 2549 vero
1442 2508 1644 2569 praeco-

609 2597 737 2635 nem
774 2576 1145 2631 conducebant
1188 2595 1219 2628 e
1257 2576 1509 2647 publico,
1536 2595 1640 2648 *pa-

613 2658 829 2726 lamque
868 2676 965 2727 per
1004 2675 1129 2720 eos,
1169 2657 1213 2709 si
1244 2656 1378 2727 quid
1409 2657 1639 2721 vellent,

616 2736 894 2808 praedicari
934 2737 1211 2807 jubebant.
1259 2736 1367 2800 Qui
1418 2754 1531 2788 mos
1583 2738 1640 2788 in

616 2817 764 2870 hunc
801 2835 969 2888 usque
1004 2815 1148 2867 diem
1184 2815 1340 2866 nobis
1367 2817 1514 2886 quasi
1544 2834 1641 2885 per

614 2915 802 2949 manus
843 2894 1067 2948 traditus
1106 2896 1452 2958 observatur,
1492 2907 1552 2948 ut
1587 2908 1642 2947 et

614 2977 705 3029 ille
731 2976 884 3040 alter,
912 2992 1021 3045 quo
1049 2974 1257 3026 libellos
1297 2973 1503 3027 indices
1528 2974 1642 3029 sive

617 3056 823 3108 tabulas
845 3054 1151 3125 papyrinae,
1174 3054 1374 3124 longis,
1398 3052 1642 3107 decuma·

618 3136 703 3187 nis
752 3153 811 3187 ac
854 3134 1171 3205 capitalibus
1215 3134 1382 3185 literis
1421 3134 1642 3204 scriptas

615 3214 956 3267 basilicarum
985 3214 1069 3265 vel
1096 3214 1417 3283 templorum
1453 3214 1640 3281 valvis,

612 3296 842 3365 pilisque
910 3312 969 3345 ac
1026 3286 1195 3363 portis
1262 3294 1636 3363 proponimus·

610 3374 747 3427 Sunt
799 3387 974 3426 autem
1031 3373 1191 3441 longae
1240 3372 1393 3424 liter-ce
1438 3393 1540 3445 pro
1587 3378 1637 3427 in

610 3456 804 3522 longum
838 3454 1071 3520 formatis
1108 3452 1448 3524 productisque
1501 3454 1636 3507 acci·

610 3531 836 3603 piendoe.
888 3532 979 3585 Ad
1014 3542 1143 3603 quas
1178 3534 1303 3585 item
1334 3533 1544 3604 longam
1581 3534 1638 3586 il·

607 3614 712 3665 lam
752 3614 958 3666 literam
995 3613 1346 3682 singularem,
1383 3632 1543 3683 quam
1573 3631 1636 3666 ex

608 3712 665 3745 se
685 3695 945 3745 facturam
964 3692 1065 3745 sibi
1088 3692 1362 3744 Euclionis
1378 3693 1636 3765 Staphyla

577 3773 865 3834 ‚minatur‚
912 3771 1256 3825 referundam
1305 3792 1509 3825 censeO.
1555 3775 1668 3825 De.

608 3852 767 3921 longis
796 3853 919 3904 item
956 3853 1106 3903 literis
1142 3866 1195 3904 et
1235 3850 1452 3922 quidem
1481 3853 1637 3904 cubi-

611 3932 703 3985 tali
755 3930 917 3983 modo
965 3930 1123 3985 etiam
1169 3932 1375 3984 Poenul.
1414 3932 1517 3995 IV,
1564 3952 1591 3983 2
1623 3953 1635 3983 :

616 4041 637 4059 .
656 4010 738 4064 Ibi
772 4025 828 4064 tu
850 4009 1028 4064 videas
1053 4012 1283 4063 lite-ratas
1310 4010 1501 4064 fictiles
1525 4010 1636 4082 epi-

609 4092 788 4155 stolas,
802 4092 925 4144 Pice
946 4092 1194 4160 signatas:
1214 4091 1433 4143 nomina
1455 4091 1638 4145 insunt

604 4173 851 4224 cubitum
880 4172 1054 4241 longis
1079 4170 1246 4225 literis
1266 4197 1312 4225 ι.
1339 4172 1550 4225 ΒοῐηΑ.

1813 2276 1867 2327 9.
1891 2256 2185 2312 Postulau's.
2212 2258 2410 2329 Amph.
2436 2259 2512 2325 11,
2549 2278 2602 2324 2,
2629 2261 2766 2332 137.

1815 2355 1903 2391 12.
1937 2336 2078 2405 Quid
2100 2353 2173 2389 me
2200 2343 2328 2390 intro
2356 2356 2507 2390 rec-00.
2534 2340 2660 2392 Haec
2699 2340 2774 2395 ad

1728 2416 1920 2469 herum
1944 2418 2104 2470 intus.
2133 2450 2211 2460 —
2235 2418 2366 2477 Hoc,
2391 2420 2592 2473 scilicet
2610 2438 2768 2476 veru.

1731 2496 1863 2550 Vid.
1886 2517 1964 2550 vs.
2001 2497 2092 2552 15.

1817 2584 1908 2641 14.
1938 2578 2186 2642 Rutilum,
2232 2578 2437 2631 scilicet
2478 2578 2762 2649 robigine;

1729 2658 1925 2709 rutilus
1946 2670 2023 2709 est
2047 2676 2238 2709 aureus
2260 2659 2424 2721 color,
2457 2659 2645 2721 ξανθᾶς.

1817 2757 1837 2790 1
1857 2738 1906 2789 5.
1935 2737 1992 2786 V
1981 2757 2057 2787 ere
2076 2748 2276 2805 gnaeum
2300 2739 2358 2788 'st
2376 2758 2559 2791 verum.
2591 2737 2760 2793 Ludit

1729 2814 1786 2868 in
1815 2815 2036 2869 floribus
2067 2828 2120 2868 et
2147 2816 2412 2869 fructibus
2440 2820 2634 2884 vernis,
2660 2818 2759 2890 qui

1729 2896 1940 2967 fugaces
1983 2909 2107 2948 sunt
2150 2908 2204 2949 et
2248 2898 2303 2948 in
2353 2896 2536 2959 diem3
2594 2918 2766 2969 quum

1731 2989 1917 3029 contra
1943 2975 2185 3046 plerique
2209 2976 2377 3029 aestivi
2405 2990 2458 3029 et
2483 2990 2766 3031 autumna-

1730 3057 1806 3108 les
1844 3057 2048 3108 fructus
2100 3056 2155 3107 in
2201 3068 2370 3108 totum
2421 3055 2617 3110 durent
2663 3076 2763 3110 an-

1730 3155 1878 3187 num.
1904 3136 1961 3185 V
1954 3156 2039 3186 eru
2061 3154 2187 3206 ergo
2202 3175 2217 3197 ,
2245 3130 2391 3208 quod
2413 3138 2633 3208 antiquo
2657 3156 2766 3190 ser-

1728 3234 1892 3267 mone
1938 3224 2106 3267 verum
2155 3207 2240 3282 (ut
2284 3234 2476 3267 comum
2493 3258 2508 3280 ,
2556 3208 2758 3287 genum)

1727 3296 1993 3366 appellat,
2021 3296 2392 3364 rubiginosum
2423 3295 2556 3350 dicit
2589 3316 2762 3349 ever·

1723 3376 1808 3427 nis
1847 3394 1958 3427 esse
2005 3376 2288 3440 fructibus,
2331 3389 2383 3427 et
2423 3377 2482 3429 in
2512 3377 2758 3431 manibus

1725 3472 2119 3507 consenescere.
2155 3456 2344 3508 Tmut.
2532 3452 2538 3457 ’

1813 3538 1901 3587 16.
1951 3535 2074 3586 Cum
2123 3536 2286 3587 inraso
2336 3539 2510 3604 capite.
2559 3536 2672 3601 Qui
2721 3556 2752 3589 e

1724 3614 2001 3683 naufragio
2035 3615 2228 3667 servati
2263 3628 2449 3681 erant,
2492 3614 2755 3672 radebant

1723 3706 1914 3763 caput,
1946 3694 2002 3745 in
2041 3696 2246 3763 signum
2289 3695 2646 3760 liberationis,
2695 3708 2755 3749 ut

1722 3774 1812 3825 hic
1859 3774 2151 3843 Longolius
2199 3784 2364 3827 notat.
2414 3775 2751 3846 Quamquam

1725 3853 1807 3904 illi
1841 3854 2022 3923 potius
2057 3854 2116 3905 in
2155 3854 2425 3924 periculo,
2457 3868 2510 3907 et
2549 3867 2753 3925 tempe-

1725 3944 1858 3985 state
1884 3935 1994 4004 jam
2029 3934 2384 3986 invalescente
2414 3947 2575 4005 caput
2601 3932 2753 3987 rade·

1723 4031 1808 4075 re,
1844 4026 2005 4081 atque
2035 4014 2192 4065 etiam
2222 4032 2426 4084 ungues
2459 4013 2747 4083 praecidere

1719 4092 1976 4145 solebant.
2003 4095 2070 4145 At
2092 4094 2232 4145 enim
2267 4112 2431 4163 quum
2465 4094 2606 4157 lene,
2624 4112 2742 4162 sup.

1720 4190 1796 4226 sc.
1826 4191 1874 4238 1,
1906 4175 2088 4241 crispus
2123 4172 2351 4241 dicatur,
2387 4186 2574 4244 putem
2619 4191 2743 4225 eum
