3067 5017
507 536 513 541 ¹
560 449 700 521 216
1387 454 1522 521 Ru
1550 454 1857 533 BEN&

549 573 692 643 Illis
723 573 1096 643 curandum
1131 599 1398 659 censeo,
1440 577 1805 669 Sceparnio
1833 603 1849 646 ε

549 685 621 755 Si
658 684 838 779 apud
873 709 979 753 me
1011 710 1245 753 esurus
1279 710 1388 771 es,
1425 685 1592 753 mihi
1630 684 1777 753 dari
1814 710 2089 779 operam
2129 685 2305 755 volo.

551 818 734 865 scm».
773 800 1036 865 Bonum
1071 802 1468 888 aequomque
1487 818 1660 864 oraS.
1696 820 1891 865 DAEM.
1913 797 2201 889 Sequere
2228 821 2335 865 me
2357 795 2485 866 hac
2515 820 2701 891 ergo.-

843 930 1031 977 scEP.
1076 909 1368 1000 Sequor.'

1055 1115 1527 1204 SCENA
1611 1118 2183 1205 TERTIA.

1374 1342 1887 1411 PALAESTRA.

549 1554 703 1601 ΡΜ..
741 1530 972 1601 Nimio
1010 1527 1361 1596 hominum
1383 1526 1672 1596 fortunae
1694 1529 1919 1597 minus
1937 1529 2190 1597 miserae
2214 1542 2700 1613 memorantur,

546 1642 774 1731 Quam
806 1662 1035 1732 reapse
1062 1637 1474 1733 experiundo
1511 1639 1591 1705 iis
1628 1637 1828 1706 datur
1862 1636 2211 1709 acerbum!

472 1757 476 1760 “
545 1754 693 1819 Hoc
730 1753 876 1819 Deo
904 1746 1498 1842 conplacitum’st?
1525 1772 1634 1816 me
1668 1748 1804 1817 hoc
1839 1763 2083 1817 ornatu
2118 1763 2422 1817 ornatam
2446 1802 2465 1829 ,

547 1864 630 1931 In
675 1861 964 1928 incertas
1004 1859 1310 1952 regiones
1351 1857 1655 1925 timidam
1699 1858 2033 1951 ejectam?

544 1970 889 2038 Hanccine
921 1992 1047 2063 ego
1074 1966 1161 2036 ad
1198 1993 1341 2036 rem
1377 1982 1649 2062 gnatam
1688 1970 1998 2037 miseram
2040 1993 2147 2035 me
2183 1966 2619 2035 memorabo?
2672 1989 2698 2027 ⁵

546 2060 890 2149 Hanccine
925 2103 1052 2172 ego
1080 2092 1338 2171 partem
1369 2078 1560 2171 capio
1594 2078 1681 2145 ob
1713 2077 2028 2171 pietatem
2059 2072 2519 2171 praecipuam?

547 2192 724 2261 Nam
763 2186 896 2255 hoc
933 2186 1101 2255 mihi
1135 2186 1317 2254 haud
1354 2185 1566 2255 labori
1602 2202 1700 2255 est
1730 2186 2025 2255 laborem
2060 2186 2245 2255 hunc
2281 2186 2519 2281 potiri,

549 2297 623 2367 Si
665 2322 825 2391 erga
862 2311 1204 2390 parentem
1247 2312 1365 2365 aut
1408 2295 1569 2364 deos
1609 2321 1717 2364 me
1760 2296 2060 2390 inpiavi:
2570 2334 2589 2373 ι

546 2406 684 2477 Sed
723 2406 790 2473 id
835 2408 888 2474 si
935 2420 1166 2500 parate
1207 2406 1437 2474 curavi
1478 2420 1558 2475 ut
1593 2430 1933 2491 caverem,

547 2522 723 2587 Tum
763 2515 893 2585 hoc
931 2511 1098 2583 mihi
1135 2516 1446 2585 indecore
1470 2569 1490 2599 ‚
1523 2516 1755 2610 inique
1778 2568 1797 2605 ,
1836 2515 2207 2584 inmodeste

546 2626 785 2713 Datis,
825 2626 893 2693 di
928 2651 944 2693 ε
984 2649 1139 2693 nam
1178 2624 1342 2719 quid
1377 2626 1722 2695 habebunt
1757 2620 1882 2694 sibi
1919 2626 2127 2719 igitur
2165 2626 2334 2719 inpii

552 2736 876 2823 Posthac,
914 2737 969 2803 si
1001 2735 1085 2802 ad
1123 2736 1307 2832 inme
1343 2735 1622 2804 modum
1640 2736 1722 2805 ’st
1758 2736 2047 2805 innoxiis
2090 2736 2311 2804 honor

635 2930 730 2991 94.
756 2923 1064 2994 AEquomque
1090 2940 1218 2973 oras.
1249 2922 1334 2975 Cs.
1366 2922 1579 2993 Captiv.
1670 2924 1855 2977 Tuan.
1900 2954 1980 2963 --
2020 2921 2223 2975 Eadem
2260 2921 2480 2975 notione
2523 2921 2705 2992 provi·

555 3003 644 3067 11,
673 3022 734 3067 2,
761 3002 855 3055 83.
1672 3001 1865 3056 dentiae
1897 3020 2118 3056 summae
2158 3004 2302 3055 bona
2338 3002 2477 3054 mala
2522 3000 2703 3053 distri-

641 3081 874 3135 1.Nim1’o
897 3083 1049 3133 minus
1067 3118 1084 3142 ,
1113 3080 1284 3134 multo
1310 3082 1498 3135 minus.
1670 3082 1883 3135 liuentis
1948 3082 2250 3137 locutiones
2315 3080 2641 3151 proferimus
2682 3099 2699 3133 ε

638 3180 690 3215 2.
715 3160 826 3212 Hoc
847 3172 1022 3212 ornatu
1043 3172 1284 3213 ornatam.
1305 3160 1410 3214 Hie
1429 3179 1584 3214 orna·
1671 3166 1807 3216 avoir
1831 3182 1890 3214 en
1910 3174 2148 3233 pat-tage,
2168 3162 2237 3213 tel
2254 3174 2327 3214 est
2346 3180 2455 3213 mon
2469 3172 2702 3232 pat-tage.

553 3252 643 3295 tus
669 3252 772 3304 est,
794 3240 943 3291 omni
968 3252 1162 3292 ornatu
1187 3238 1418 3293 destitui.
1671 3240 1805 3293 vid.
1836 3260 1911 3295 sc.
1941 3260 2053 3313 seq.
2077 3260 2155 3295 vs.
2192 3260 2281 3311 19.
2312 3241 2381 3295 N.

637 3325 692 3382 4.
728 3320 987 3371 Timidam.
1018 3320 1211 3373 Baceh.
1235 3320 1291 3383 1,
1323 3338 1374 3384 1,
1407 3339 1500 3391 7²·
1756 3340 1811 3389 7.
1857 3322 2043 3373 Labori
2084 3334 2157 3373 est
2200 3322 2427 3375 laborem.
2464 3318 2702 3372 Illndere

638 3401 690 3453 5.
731 3398 1018 3463 Hunccine,
1055 3411 1159 3452 etc.
1191 3399 1374 3468 Egone
1395 3398 1462 3451 ad
1488 3400 1585 3453 hae
1670 3400 1847 3453 verbis
1868 3420 1981 3455 non
2000 3418 2123 3453 vere
2150 3399 2379 3454 dolentis
2404 3397 2643 3453 videtur.

553 3478 792 3533 miserias
810 3490 936 3533 nata
956 3496 1074 3531 sum
1095 3483 1117 3529 P
1139 3480 1220 3530 De
1245 3479 1348 3531 hoc
1377 3479 1581 3533 ambitu
1752 3500 1808 3547 9.
1836 3482 2050 3545 Parate,
2074 3492 2349 3545 accurate,
2368 3478 2551 3533 dedita
2574 3496 2705 3549 ope·

550 3556 818 3630 loquendi
841 3578 912 3609 me
929 3558 1226 3624 memorabo,
1255 3558 1292 3611 i.
1315 3577 1363 3611 e.
1387 3557 1585 3625 dicam,
1670 3558 1895 3613 ra.'Vid.
1924 3560 2055 3613 Joh.
2085 3560 2316 3615 Merceri
2344 3560 2510 3631 Opin.
2536 3559 2631 3613 lib.
2654 3560 2705 3625 I,

501 3652 506 3657 ’
549 3637 664 3692 vid.
687 3636 882 3691 Pseud.
911 3639 998 3703 11,
1025 3646 1058 3703 4
1080 3677 1096 3705 ,
1124 3638 1216 3703 54.
1672 3656 1787 3710 cap.
1816 3659 1871 3709 9.

491 3736 498 3747 ²
637 3721 689 3771 6.
720 3718 918 3769 Partem
940 3722 1098 3789 capio.
1137 3721 1357 3787 Μὸῖροιν,
1384 3729 1579 3771 sortem.
1758 3738 1843 3773 ro.
1862 3719 2165 3781 Inmo'dute.
2194 3718 2311 3772 sine
2339 3716 2523 3771 modo*

553 3796 632 3849 Ex
674 3796 1018 3867 antiquorum
1065 3794 1450 3849 consuetudine
1503 3794 1583 3849 di·
1758 3818 1844 3853 ια.
1874 3799 2069 3851 Honor.
2108 3798 2305 3851 Similis
2328 3802 2703 3869 sensus‘atque

550 3888 724 3938 ctum,
747 3876 840 3946 qui
861 3895 999 3947 saepe
1029 3895 1058 3929 a
1098 3876 1202 3929 diis
1231 3876 1442 3946 pietatis
1469 3894 1579 3929 suae
1668 3876 1759 3931 illa
1784 3878 2057 3933 locutione
2074 3899 2089 3929 ι
2118 3900 2139 3923 κ
2158 3878 2383 3931 honoris
2394 3878 2559 3931 vestri
2578 3894 2706 3929 cau-

508 3956 517 3967 “
549 3954 607 4007 in
629 3955 774 4025 ipsos
798 3956 1016 4025 praemia
1043 3954 1454 4025 mercedemque
1482 3974 1581 4026 pe·
1668 3976 1721 4011 sa
1746 3983 1768 4005 ι
1790 3995 1805 4022 ,
1834 3958 2112 4029 Amphitr.
2140 3960 2197 4023 Ι,
2222 3978 2285 4023 2,
2322 3964 2423 4022 24,
2454 3956 2542 4009 30.
2568 3954 2700 4009 vid.

550 4034 770 4087 tebantt
805 4034 952 4105 quod
990 4052 1204 4104 aequum
1241 4053 1352 4087 esse
1378 4033 1583 4088 videre-
1668 4038 1813 4091 Pers,
1840 4040 1943 4103 IV,
1972 4040 2003 4092 3
2023 4076 2040 4103 ,
2075 4036 2169 4103 43.
2206 4037 2411 4089 Ennius
2434 4036 2592 4089 etiam
2610 4054 2706 4087 au-

547 4126 656 4177 tur,
677 4132 706 4166 a
729 4110 834 4166 diis
849 4100 940 4167 e'os
961 4114 1168 4167 facilius
1188 4113 1394 4187 aliquid
1412 4115 1582 4186 impe-
1667 4115 1851 4171 dacior
1888 4135 1903 4170 ε
1954 4119 2113 4188 «Ego
2164 4115 2326 4169 deum
2372 4134 2539 4187 genus
2588 4132 2702 4168 esse

545 4206 718 4259 trare,
764 4193 858 4263 qui
905 4192 1128 4246 numina
1159 4196 1282 4264 ‚pie'
1321 4196 1577 4249 colerent.
1668 4192 1882 4267 semper
1927 4196 2073 4264 dixi,
2110 4208 2164 4249 et
2210 4195 2387 4249 dicam
2430 4195 2665 4261 ⁸caelitum
2686 4233 2703 4260 ‚
