3067 5017
573 431 727 523 &m

1236 425 2076 513 TRUCULENTus‚

570 550 703 622 Sed
735 548 901 645 quid
934 573 1062 644 ego
1098 548 1359 617 facinus
1401 548 1630 617 audivi
1667 549 2040 618 adveniens
2077 564 2272 618 tuum
2296 606 2315 637 ,

569 659 781 750 Quod
825 674 901 728 tu
936 660 1088 729 heic
1108 712 1129 743 ,
1170 684 1275 727 me
1306 658 1583 727 absente
1607 711 1628 744 ‚
1657 662 1816 729 novi
1855 662 2083 756 negoti
2123 662 2456 755 gesseris?

571 772 936 864 Quomque
979 769 1151 839 bene
1190 767 1554 863 provenisti
1595 766 1816 856 salva,
1855 769 2140 864 gaudeo.

570 906 741 954 mm.
780 880 931 949 Tibi
969 904 1117 949 mea
1150 877 1430 948 consilia
1466 903 1730 947 summa
1765 904 2026 974 semper
2061 879 2342 950 credidi.

574 992 906 1085 Equidem
950 1016 1071 1061 nec
1110 992 1341 1087 peperi
1380 1015 1709 1085 puerum,
1743 1016 1871 1060 nec
1914 1014 2222 1086 praegnas
2263 991 2402 1079 fui,
2675 1019 2733 1057 ss

450 1111 457 1120 “
570 1105 827 1172 Verum
865 1101 1262 1172 adsimulavi
1294 1126 1405 1171 me
1441 1126 1582 1170 esse
1621 1116 2028 1197 praegnatem
2051 1155 2072 1189 ,
2108 1101 2295 1171 haud
2329 1126 2534 1171 eram.

572 1238 725 1284 nm.
761 1214 1223 1309 Quapropter,
1260 1238 1303 1279 o
1338 1236 1487 1280 mea
1520 1211 1702 1281 vita?
1731 1235 1900 1281 Pan.
1931 1214 2222 1305 Propter
2263 1208 2548 1281 militem

572 1324 1165 1419 Babyloniensem,
1209 1324 1331 1418 qui
1375 1321 1570 1417 quasi
1607 1346 1890 1390 uxorem
1925 1322 2052 1391 sibi

570 1436 686 1503 Me
711 1433 1003 1503 habebat
1034 1458 1244 1517 anno,
1284 1432 1450 1502 dum
1488 1432 1637 1501 heic
1677 1432 1829 1502 fuit.
1869 1457 2020 1502 nnc.
2060 1436 2208 1527 Ego
2245 1456 2603 1502 senseram.

574 1545 707 1617 Sed
750 1546 915 1642 quid
950 1545 1175 1615 istuc?
1210 1546 1375 1639 quoi
1414 1545 1509 1613 rei
1557 1543 1628 1612 id
1675 1558 1740 1613 te
1785 1542 2192 1613 adsimulare
2231 1543 2502 1614 retulit?
2679 1568 2729 1610 ⁴·

574 1678 742 1725 Pan.
784 1660 881 1727 Ut
916 1671 1089 1725 esset
1124 1654 1369 1751 aliquis
1404 1655 1685 1750 laqueus
1721 1670 1790 1724 et
1830 1653 2340 1743 redimiculum,
2375 1700 2386 1711 ·

571 1766 1053 1835 Revorsionem
1085 1781 1163 1835 ut
1192 1766 1282 1834 ad
1325 1790 1433 1834 me
1469 1765 1720 1834 faceret
1754 1763 2000 1834 denuo,

572 1878 777 1946 Nunc
814 1876 950 1945 huc
990 1876 1248 1944 remisit
1284 1900 1507 1969 nuper
1539 1874 1626 1943 ad
1664 1900 1774 1944 me
1807 1872 2194 1969 epistolam,

576 1988 737 2055 Sese
771 2001 1243 2081 experturum,
1278 1987 1517 2081 quanti
1555 2012 1698 2056 sese
1738 1986 2141 2081 penderem;

577 2096 693 2184 Si,
724 2096 909 2191 quod
942 2098 1346 2192 peperissem
1373 2151 1392 2184 ,
1427 2098 1497 2166 id
1536 2098 1896 2167 educarem
1931 2122 2010 2166 ac
2049 2094 2354 2166 tollerem
2381 2150 2399 2179 ,
2679 2112 2728 2158 ιε

573 2208 761 2274 Bona
806 2231 925 2275 sua
964 2232 1074 2275 me
1104 2208 1499 2277 habiturum
1534 2208 1783 2279 omnia.
1831 2232 1980 2279 mn.
2021 2206 2346 2277 Ausculto
2381 2205 2639 2274 lubens.

571 2314 757 2402 Quid
780 2315 1087 2416 'denique
1125 2316 1377 2412 agitis?
1414 2342 1586 2388 pun.
1627 2322 1849 2389 Mater
1885 2315 2166 2387 ancillas
2201 2318 2436 2410 jubet,

566 2425 911 2513 Quoniam
946 2428 1087 2520 jam
1134 2427 1431 2497 decimus
1471 2429 1718 2497 mensis
1758 2426 2078 2496 adventat
2125 2443 2381 2520 prope,

570 2533 791 2603 Aliam
826 2533 1148 2606 aliorsum
1186 2537 1313 2625 ire,
1354 2535 1818 2631 praemandare
1847 2551 1914 2605 et
1944 2560 2244 2630 quaerere

569 2648 867 2715 Puerum
903 2661 1023 2715 aut
1056 2643 1391 2741 puellam,
1433 2648 1553 2741 qui
1597 2647 2075 2740 subponantur
2119 2645 2308 2713 mihi.
2681 2664 2735 2702 ⁵⁰

573 2753 761 2843 Quid
799 2754 1010 2825 multa
1054 2757 1257 2825 verba
1291 2756 1587 2825 faciam?
1623 2756 2019 2825 tonstricem
2054 2758 2297 2825 Suram

572 2866 884 2935 Gnovisti
920 2881 1221 2935 nostram
1242 2922 1263 2953 ,
1298 2892 1451 2963 quae
1483 2867 1689 2936 modo
1728 2892 1886 2963 erga
1928 2867 2125 2936 aedeis
2158 2866 2386 2934 habet.

658 3140 748 3194 31.
765 3140 919 3210 Quid,
931 3138 1100 3211 quod.
1115 3140 1322 3212 Amph.
1344 3142 1389 3207 1,
1408 3160 1456 3207 ι,
1480 3144 1609 3197 208.

656 3220 751 3290 39.
788 3220 1023 3273 Habebat
1062 3240 1209 3274 anno.
1256 3211 1482 3292 Elegans
1524 3220 1610 3275 di-

570 3300 731 3355 cendi
785 3320 979 3371 genus,
1031 3300 1129 3353 sed
1176 3300 1233 3354 in
1289 3301 1446 3355 libris
1497 3302 1610 3355 fere

572 3393 891 3452 corruptum
926 3398 941 3434 z
996 3381 1139 3434 valet
1190 3392 1370 3433 autem
1390 3421 1405 3448 ,
1460 3400 1609 3435 anno

571 3459 846 3533 preterito
891 3478 906 3514 ε
958 3461 1052 3513 cui
1098 3462 1397 3531 opponitur
1440 3461 1611 3514 homo.

568 3542 653 3594 Ita
685 3540 894 3611 Amph.
928 3540 1078 3593 Prol.
1104 3540 1255 3593 Lm.

658 3627 752 3684 41.
819 3620 1189 3673 Redimieulum.
1246 3619 1493 3690 Eleganti
1560 3632 1614 3674 et

567 3718 776 3755 amoena
804 3698 1096 3753 inflexione
1119 3700 1382 3752 sermonis
1403 3698 1611 3751 dictum

568 3793 682 3835 est:
716 3798 887 3851 quum
903 3780 1048 3835 enim
1071 3778 1393 3832 redimiculo
1421 3779 1610 3833 innexi

568 3861 900 3932 implexique
949 3873 1233 3913 teneantur
1270 3860 1447 3921 crines
1488 3878 1611 3911 mu-

566 3940 761 3993 lierum
780 3979 797 4006 ,
848 3940 1177 3993 redimiculum
1226 3958 1349 4010 prm
1372 3938 1609 4011 quodam

567 4020 785 4073 vinculo
815 4033 869 4073 et
900 4019 1047 4073 nodo
1066 4058 1080 4083 ,
1109 4038 1217 4091 quo
1246 4019 1395 4072 velut
1421 4019 1610 4089 alliga-

568 4111 652 4152 tus
686 4112 954 4153 teneretur
984 4100 1138 4153 miles
1166 4099 1605 4169 Babyloniensis,

512 4166 521 4179 ⁸
569 4178 626 4235 id
656 4193 765 4244 est,
796 4180 1049 4243 Graecus,
1078 4180 1172 4251 qui
1204 4181 1483 4250 Babylone
1518 4180 1608 4233 sti·

1697 3141 1897 3215 pendia
1941 3153 2238 3205 meruerat,
2283 3138 2520 3211 jucunda
2561 3140 2733 3192 suavi-

1699 3240 1803 3294 que
1871 3221 2221 3275 translatione
2278 3219 2430 3273 dixit.
2483 3219 2681 3273 Glossae
2713 3237 2728 3270 :

1699 3302 1910 3373 καθιτὴρ
1939 3298 2247 3371 ἀνάδισμος.
2269 3301 2458 3353 Tum«.

1785 3382 1878 3445 45.
1904 3382 2160 3452 Tollerem.
2193 3380 2394 3450 Amph.
2415 3380 2444 3431 Ι
2461 3416 2480 3441 ‚
2513 3379 2544 3431 3
2563 3417 2579 3441 ,
2613 3380 2664 3433 3.

1788 3468 1882 3532 47.
1907 3462 2075 3515 Mater
2098 3479 2237 3515 mea.

1788 3540 1883 3595 52.
1911 3542 2039 3610 Quoe
2061 3541 2218 3594 modo.
2248 3538 2384 3605 Quis
2415 3536 2635 3609 negabit
2660 3536 2730 3588 le·

1701 3620 1939 3693 gendum
1967 3639 1982 3674 z
2022 3644 2044 3666 ι
2065 3638 2186 3691 quae
2219 3617 2383 3672 modo
2427 3636 2554 3689 erga
2581 3614 2732 3671 aedeis

1704 3700 1865 3755 habet
1889 3726 1911 3747 ι
1930 3738 1948 3764 ,
1974 3699 2032 3753 id
2057 3713 2138 3754 est
2155 3739 2172 3766 ,
2211 3720 2242 3752 e
2267 3698 2486 3768 regione
2517 3697 2728 3750 habitat.

1703 3780 1840 3833 Nam
1885 3779 2060 3832 habere
2103 3798 2207 3851 pro
2245 3778 2466 3831 habitare
2483 3814 2499 3841 ‚
2547 3788 2730 3831 notum

1699 3860 1764 3913 iis
1835 3860 1932 3930 qui
1997 3859 2244 3914 nondum
2267 3882 2271 3887 ’
2299 3876 2406 3911 aere
2463 3859 2727 3911 lavamur.

1697 3940 1847 4011 Lips.
1895 3940 2031 3993 MSS
2055 3980 2071 4006 ,
2129 3966 2152 3987 α
2171 3956 2334 4011 quem
2385 3956 2510 4008 erga
2563 3935 2726 3989 aedem

1697 4038 1812 4073 sese
1838 4019 2002 4073 habet
2025 4046 2077 4075 ι.
2103 4020 2250 4091 Lego
2279 4037 2294 4071 :
2325 4044 2346 4065 ι
2370 4035 2592 4089 ςυωιιῑιο
2613 4032 2726 4083 erga

1696 4098 1858 4153 odeis
1885 4118 2008 4155 ecee
2036 4101 2198 4153 habet
2220 4126 2269 4152 ιι.
2303 4099 2448 4167 Erga
2477 4117 2549 4148 me
2566 4132 2584 4159 ,
2617 4106 2716 4149 est,

1697 4198 1728 4233 e
1755 4179 1976 4250 regione
1999 4178 2200 4237 adium
2227 4193 2486 4233 mearum.
2511 4178 2688 4231 Gnosi.
