3067 5017
679 349 826 447 174
1420 343 2090 436 PSEUDOLUS,

676 494 824 563 sm.
852 471 1003 545 lmo
1031 467 1198 538 mihi
1228 493 1245 533 ε
1274 465 1390 535 sed
1420 465 1610 553 vide,
1647 482 1926 538 ornatus
1951 466 2064 535 hic
2087 467 2250 541 satis
2276 491 2384 543 me
2409 467 2749 543 condecet
2767 470 2802 537 Ρ

679 608 926 654 psum).
976 586 1275 675 Optume
1317 582 1543 651 habet.
1607 604 1752 651 sm.
1819 586 2003 653 Esto,
2061 606 2304 653 esem).
2354 586 2646 655 Tantum
2713 583 2850 651 tibi

968 693 1131 763 boni
1175 694 1243 761 di
1286 691 1702 765 imnoftaleis
1739 690 1974 777 duint,
2793 718 2850 755 25

672 806 1023 893 Quantum
1054 818 1129 875 tu
1157 804 1279 875 tibi
1308 817 1536 896 optes:
1570 826 1726 871 nam
1758 802 1813 871 si
1841 816 2152 899 exoptem
2179 817 2510 896 quantum
2546 803 2852 899 dignm,

968 930 1232 985 tantum
1271 912 1467 999 dent,

675 1030 905 1100 Minus
955 1028 1172 1099 nihilo
1222 1043 1343 1097 est.
1418 1030 1660 1119 Neque
1721 1051 1847 1120 ego
1911 1027 2040 1096 hoc
2099 1026 2373 1095 homine
2419 1052 2849 1123 quemquam

970 1140 1109 1207 vidi
1154 1138 1371 1233 magis
1404 1134 1660 1205 malum
1685 1188 1706 1220 ‚

675 1254 761 1321 Et
792 1249 1195 1320 maleficum.
1232 1272 1378 1317 suu.
1417 1245 1592 1313 Tun’
1624 1245 1694 1312 id
1727 1244 1934 1315 mihi?
1967 1269 2211 1317 Psssnn.
2247 1249 2466 1317 Taceo
2501 1272 2518 1313 ε
2553 1244 2674 1315 sed
2713 1270 2850 1339 ego

972 1385 1123 1454 quae
1170 1359 1291 1429 tibi
1330 1356 1512 1427 dona

677 1471 875 1540 Dabo
914 1484 977 1538 et
1013 1469 1289 1554 faciam,
1329 1468 1384 1533 si
1421 1465 1595 1532 hanc
1633 1489 1770 1533 rem
1809 1462 2476 1537 sobrieadcurassis!
2515 1490 2669 1535 suu.
2711 1470 2849 1535 Po-

982 1578 1099 1647 tin’
1135 1591 1215 1644 ut
1252 1578 1519 1645 taceas?

677 1695 1051 1761 Memorem
1083 1688 1522 1757 inmemorem
1561 1688 1759 1775 facit,
1789 1689 1903 1782 qui
1937 1700 2166 1755 monet
2191 1684 2376 1781 q'uod
2407 1711 2671 1755 memor
2701 1713 2848 1756 me-

967 1797 1166 1866 minit
1204 1823 1218 1864 :
1258 1811 1453 1867 teneo
1490 1800 1742 1867 omnia.
2793 1818 2846 1857 ³⁰

676 1915 756 1979 In
790 1924 1063 2003 pectore
1092 1906 1365 1974 condita
1403 1923 1598 1993 sunt,
1627 1908 1932 1977 meditati
1967 1923 2124 1977 sunt
2153 1903 2290 1975 doli
2325 1904 2540 1975 docte.
2581 1930 2840 1976 PSEUD.

972 2018 1235 2087 Probus
1276 2017 1386 2085 hic
1425 2034 1528 2087 est

676 2132 920 2202 Homo.
955 2152 1103 2198 suu.
1136 2129 1376 2221 Neque
1402 2128 1527 2197 ‘hic
1561 2143 1692 2215 est,
1731 2153 1946 2221 neque
1977 2153 2124 2222 ego,
2159 2154 2405 2199 Pseun.
2443 2131 2536 2199 At
2562 2127 2726 2199 vide
2753 2150 2842 2195 ne

978 2239 1247 2306 titubeS.
1287 2263 1431 2308 sm.
1474 2236 1692 2307 Potin’
1727 2253 1801 2306 ut
1840 2240 2102 2308 taceas?

677 2373 922 2421 mmm.
976 2354 1084 2418 Ita
1121 2373 1230 2419 me
1268 2348 1336 2416 di
1376 2364 1601 2417 ament
1610 2400 1731 2418 .....
1783 2373 1927 2418 sm,
1978 2352 2080 2419 Ita
2123 2374 2264 2419 non
2318 2349 2606 2441 facient,

966 2460 1103 2552 jam
1148 2458 1495 2529 mendacia
1536 2459 1797 2529 fundes,
2673 2529 2684 2533 -

680 2594 927 2641 Psmm.
965 2574 1060 2641 Ut
1088 2595 1213 2663 ego
1253 2570 1364 2637 ob
1380 2586 1606 2657 tuam,
1633 2572 1884 2657 Simia,
1919 2570 2272 2665 perfidiam
2312 2585 2378 2639 te
2405 2595 2562 2639 amo
2587 2585 2661 2641 et
2689 2592 2836 2637 me·

976 2697 1095 2749 tuo
1123 2734 1142 2765 ‚
1179 2697 1247 2749 et
1282 2681 1691 2775 magnifico,
1678 2678 1691 2729 ¹

674 2816 823 2862 SlM.
864 2796 1009 2885 Ego
1051 2792 1226 2859 istuc
1264 2789 1410 2859 aliis
1454 2791 1618 2859 dare
1653 2790 2041 2861 condidici:
2079 2742 2248 2859 mihi
2291 2789 2662 2859 obtrudere
2699 2811 2834 2857 non

972 2915 1164 2995 potes
1203 2899 1503 2993 palpum.
2789 2915 2838 2953 ³⁵

2651 2370 2840 2420 mera

760 3071 851 3125 2.5
886 3074 1097 3123 Tantum
1121 3071 1209 3121 tibi
1235 3068 1363 3124 boni.
1400 3068 1608 3128 Poenul.
1631 3072 1705 3138 V,

792 3152 927 3202 -Dii
952 3150 1081 3203 dent
1109 3150 1205 3202 tibi
1234 3169 1445 3215 omnes,
1468 3171 1586 3222 quae
1615 3172 1706 3207 ve-

673 3172 786 3285 lis:-
800 3231 978 3296 ‚Quae
1012 3230 1422 3299 pvoverbialiter
1454 3234 1705 3287 extulisse

675 3325 882 3364 veteres
903 3321 1133 3363 constat.
1164 3308 1298 3360 vid.
1330 3310 1495 3363 Stich.
1524 3314 1612 3377 ΙΙ,
1648 3332 1700 3366 2.

672 3415 757 3446 μ*-
782 3392 993 3444 Taneum
1010 3389 1179 3457 duint,
1207 3388 1265 3441 id
1288 3402 1367 3442 est
1382 3429 1400 3453 ,
1422 3391 1469 3443 si
1493 3404 1702 3445 tantum

673 3472 923 3539 exopt-nii
942 3508 957 3535 ‚
990 3481 1043 3524 et
1072 3481 1276 3521 tantum
1302 3468 1465 3535 dent,
1502 3485 1704 3542 quanto

674 3548 873 3620 dignus
891 3568 945 3601 es
964 3587 978 3613 ‚
1003 3548 1229 3601 haberes
1254 3549 1433 3603 minus
1455 3552 1646 3606 nihilo.

765 3631 859 3682 28.
891 3628 967 3680 Et
992 3627 1276 3699 maleficum.
1314 3629 1464 3683 Dixit
1494 3633 1670 3691 malum
1687 3670 1702 3697 ,

675 3708 734 3763 id
760 3722 859 3775 est,
878 3723 1152 3762 versutum
1170 3748 1185 3773 ,
1204 3718 1465 3775 astutum}
1480 3711 1577 3763 sod
1600 3713 1705 3764 hoc

674 3810 787 3843 non
810 3788 933 3841 satis
947 3827 964 3854 ,
1006 3799 1060 3840 et
1079 3787 1233 3841 addit
1250 3788 1534 3859 maleficum,
1558 3792 1704 3863 quali

673 3868 947 3942 praeconio
986 3868 1230 3921 Leonida
1276 3881 1327 3921 et
1371 3869 1611 3923 Libanus
1651 3890 1706 3925 se

674 3950 908 4003 invicem
931 3948 1227 4012 extollunt,
1260 3948 1406 4001 Asin.
1426 3951 1503 4013 ΙΙ,
1530 3970 1584 4015 2,
1609 3952 1702 4005 31.

762 4050 788 4085 2
798 4049 829 4097 9
839 4068 853 4081 .
872 4027 1041 4079 Sobria
1060 4028 1354 4084 adcurassis.
1370 4029 1566 4083 Sobrie
1582 4030 1700 4083 fieri

674 4108 870 4163 dicitur
892 4106 1155 4179 quidquid
1178 4128 1301 4161 cum
1332 4127 1460 4162 cura
1496 4122 1554 4162 et
1579 4110 1702 4165 dili-

1803 3074 1979 3144 gentia
1999 3070 2254 3141 exquisita
2281 3070 2636 3141 aggredimur.
2652 3060 2839 3125 Gema

1889 3154 1918 3204 3
1933 3172 1954 3205 1
1968 3192 1983 3206 .
2001 3152 2238 3203 Meditata·
2252 3164 2382 3204 sunt.
2405 3154 2834 3222 Μεμελετημένοι·

1804 3233 2027 3305 passive.
2052 3231 2311 3301 Priscian.
2342 3232 2438 3285 lib.
2462 3232 2617 3284 VIII.

1885 3313 1972 3364 32.
2000 3312 2078 3365 Ne
2053 3332 2169 3384 eque
2195 3312 2271 3363 Ιιὶσ
2305 3323 2405 3376 est,
2437 3293 2750 3363 Pseudolus.
2754 3338 2834 3351 --
2933 3315 2942 3327 ’

1807 3395 1858 3445 T
1855 3393 2020 3445 melae-5
2048 3392 2362 3459 Μωεοὴφ.
2385 3350 2432 3455 Ι,
2459 3412 2514 3452 2,
2537 3391 2632 3445 33.

1888 3472 2093 3527 33.1ta
2127 3492 2200 3523 me
2226 3472 2280 3523 di
2301 3483 2474 3523 ament.
2499 3470 2706 3541 Incipit
2737 3486 2836 3540 per

1801 3550 2178 3623 jusjurandum
2195 3551 2507 3603 orationem
2545 3570 2709 3622 quam
2743 3548 2836 3601 de·-

1803 3650 1952 3685 mum
1981 3650 2138 3685 versu
2163 3631 2409 3703 sequenti
2431 3632 2694 3685 absolvet.

1885 3712 1980 3765 3⁵.
2005 3712 2146 3763 Dare
2165 3712 2296 3775 aliie,
2319 3711 2523 3763 scilieet
2547 3714 2832 3769 verbm-um

1801 3792 2158 3863 palpamenu.
2175 3818 2258 3840 .--
2273 3792 2502 3861 Palpum.
2523 3787 2832 3844 obtrudere

1802 3872 2054 3943 palpum,
2072 3878 2149 3924 est
2165 3886 2275 3925 arte
2297 3872 2530 3942 fucoque
2547 3869 2828 3941 decipere·

1803 3951 1931 4003 hinc
1963 3953 2190 4022 palpati,
2218 3950 2454 4017 adulari,
2487 3964 2544 4003 et
2569 3951 2830 4021 palpones,

1801 4030 2122 4089 adulatores.
2181 4034 2440 4085 Tractum
2495 4032 2562 4084 ab
2619 4026 2828 4099 equiso-

1799 4111 1976 4165 nibus.
