3067 5017
589 449 724 522 352

1406 445 1899 528 smmum,

589 591 705 656 Sat
749 600 848 654 est
886 612 902 654 :
953 605 1142 652 servo
1185 580 1441 648 homini
1495 578 1791 647 modeste
1832 576 2069 646 melius
2122 577 2339 647 facere
2390 593 2751 666 sumtum‚,

879 717 1080 787 quam
1125 689 1457 784 ampliter.

2678 724 2728 750 10

586 812 794 878 Suum
826 827 1162 900 quemque
1199 801 1388 870 decet
1415 825 1430 867 :
1453 799 1699 893 quibus
1728 796 1975 866 divitiae
2012 795 2194 866 domi
2220 811 2377 866 sunt
2399 852 2418 886 ,
2454 799 2727 895 scaphio

881 931 947 984 et
987 911 1364 994 cantharis,

583 1024 856 1097 Batiolis
893 1024 1170 1107 bibunt;
1204 1037 1272 1089 at
1314 1046 1433 1089 nos
1470 1033 1703 1088 nostro
1748 1015 2043 1088 Samiolo
2084 1017 2349 1110 poterio

589 1141 838 1206 Tamen
884 1133 1206 1218 vivimus3
1261 1155 1380 1199 nos
1419 1145 1645 1198 tamen
1682 1127 2024 1196 ecficimus
2067 1151 2191 1220 pro
2219 1127 2463 1220 opibus
2502 1142 2733 1198 nostra

881 1242 1149 1312 moenia.

591 1381 746 1428 SAG.
786 1355 1031 1424 Amicae
1061 1365 1212 1419 uter
1241 1349 1470 1432 utrubi
1504 1345 2033 1418 adcumbamus?
2057 1347 2433 1418 snumAbi
2466 1361 2543 1416 tu
2578 1371 2733 1418 sane

885 1462 1211 1558 superior.

590 1579 810 1667 Atque
840 1571 1006 1641 adeo
1036 1585 1111 1638 ut
1139 1585 1213 1637 tu
1243 1569 1410 1638 scire
1437 1567 1649 1662 possis
1673 1621 1693 1654 ‚
1722 1567 1973 1636 factum
2002 1591 2127 1662 ego
2154 1582 2374 1636 tecum
2404 1567 2653 1638 divido.
2686 1593 2733 1634 ¹5

588 1682 763 1754 Vide
799 1697 1018 1751 utram
1048 1679 1169 1746 tibi
1201 1676 1389 1745 lubet
1411 1678 1783 1772 etiamnum
1810 1702 2072 1770 capere,
2100 1702 2263 1771 cape
2294 1679 2733 1771 provinciam.

593 1819 748 1865 ΒΑΕ.
787 1790 974 1881 Quid
1009 1790 1179 1858 istuc
1208 1803 1311 1857 est
1336 1789 1747 1882 provinciae?
1771 1789 2265 1858 sncn.Utrum
2291 1789 2626 1861 Fontinali
2651 1815 2735 1859 an

887 1899 1134 1970 Libero

589 2012 935 2106 Inperium
973 2022 1036 2076 te
1071 2006 1376 2075 inhibere
1411 2007 1622 2075 mavis
1643 2006 1859 2078 ?-SAG.
1900 2008 2130 2078 Nimio
2166 2006 2428 2101 liquido
2460 2009 2730 2080 Libero.

594 2122 724 2196 Sed
760 2120 972 2190 amica
1015 2141 1164 2186 mea
1201 2131 1268 2184 et
1310 2132 1428 2186 tua
1473 2115 1637 2184 dum
1684 2117 1923 2201 comit,
1968 2116 2265 2210 dumque
2312 2141 2380 2184 se
2412 2133 2732 2198 exornat,

891 2252 1016 2297 nos
1060 2225 1213 2294 volo

685 2461 708 2494 1
725 2463 774 2495 2.
803 2439 1015 2492 Batiolis
1049 2435 1233 2487 hibunt.
1260 2434 1422 2485 Forte
1453 2431 1631 2492 Gallo-

600 2526 678 2576 Iis.
697 2519 838 2572 Vide
855 2518 1096 2572 Nonium
1114 2517 1170 2568 in
1196 2515 1287 2567 illa
1306 2530 1457 2566 voce.
1471 2511 1629 2564 Idem

598 2601 811 2659 Nonius
832 2617 896 2651 ex
921 2596 1097 2650 Plauti
1119 2596 1317 2650 Colace
1337 2591 1629 2644 hariolorum

599 2699 854 2735 aurearum
911 2675 1158 2730 meminit
1210 2674 1268 2726 in
1324 2673 1425 2725 hac
1480 2690 1631 2724 voce.

599 2765 784 2818 Sonus.
816 2787 896 2800 -·
926 2755 1157 2808 Samiolo.
1187 2751 1344 2806 Conf.
1377 2750 1629 2804 Bacchid.

601 2845 690 2905 ΙΙ,
719 2863 746 2894 2
767 2877 783 2904 ‚
821 2838 928 2890 23ss

691 2920 781 2972 13.
819 2919 1022 2968 Tamen.
1065 2911 1181 2965 Etsi
1223 2928 1518 2982 pauperes,
1562 2922 1631 2963 ta-

499 3051 508 3056 .
603 3019 728 3054 men
762 2998 869 3050 vita
907 2994 1156 3046 fruimur.
1182 2991 1327 3043 Pers.
1352 2992 1408 3056 1,
1449 3009 1502 3054 1,
1534 2990 1629 3044 31.

603 3111 683 3122 -
729 3079 831 3130 Pro
879 3072 1065 3145 opibus.
1112 3071 1360 3126 Comicus
1395 3071 1452 3122 in
1492 3068 1632 3122 servi

603 3175 831 3230 persona
879 3152 1042 3215 dicit,
1085 3169 1272 3204 eorum
1329 3149 1632 3202 imitatione

607 3238 701 3309 qui
731 3254 832 3306 pro
860 3233 967 3285 suis
995 3231 1186 3302 opibus
1220 3243 1274 3282 et
1295 3229 1634 3283 facultatibus

605 3337 716 3372 non
745 3315 922 3368 deesse
954 3331 1010 3364 se
1036 3311 1174 3382 reip.
1202 3309 1520 3379 pradicant,
1541 3304 1660 3360 sed'

559 3445 562 3452 .
602 3417 656 3450 se
681 3411 900 3448 munera
927 3391 1098 3446 facere
1119 3389 1336 3459 dicunt,
1363 3404 1416 3443 et
1440 3389 1508 3443 de
1535 3407 1636 3459 pa·

603 3475 862 3530 trimonio
886 3468 1169 3542 fungendis
1192 3470 1504 3546 muneribus
1533 3469 1635 3520 im-

603 3555 855 3627 pendere.
871 3551 1054 3604 Moem'a
1069 3549 1212 3601 enim
1235 3569 1339 3619 pro
1366 3548 1634 3601 muneribus

605 3634 742 3688 dixit
767 3633 1002 3700 antique.
1026 3630 1213 3681 Tuan.

697 3719 785 3775 14.
834 3711 954 3764 Uter
991 3708 1154 3760 eatribi.
1191 3708 1328 3760 Uter
1367 3708 1633 3778 superior,

607 3807 726 3847 uter
756 3791 1001 3854 inferior,
1026 3787 1192 3840 amica
1225 3785 1414 3840 media.

695 3891 717 3925 1
734 3872 784 3924 5.
814 3873 978 3941 Atque
1008 3869 1130 3920 adeo
1157 3879 1210 3919 ut
1233 3879 1284 3917 tu
1309 3869 1429 3916 scire
1441 3868 1627 3933 possis,

598 3957 807 4021 sactum.
837 3951 944 4002 Pro
965 3949 1136 4013 facto,
1169 3944 1315 4018 quod
1342 3945 1543 3996 habent
1567 3945 1632 3996 li·

608 4034 728 4094 bri,
755 4048 866 4082 non
899 4027 1113 4080 videtur
1150 4023 1436 4097 legendum
1466 4036 1633 4094 pacto.

608 4110 831 4166 Nullum
863 4107 1005 4169 enim
1034 4119 1246 4176 pactum
1284 4105 1374 4158 hic
1401 4105 1634 4156 interve·

605 4193 702 4246 nit.
730 4186 1126 4258 Sedoptionem
1149 4183 1240 4238 dat
1261 4202 1518 4238 conservo
1540 4202 1636 4236 suo

1716 2436 1804 2488 hic
1824 2435 2031 2488 Stichus
2052 2472 2069 2499 ‚
2098 2448 2279 2488 utrum
2310 2435 2451 2488 velit.
2470 2437 2643 2488 Proba
2664 2450 2742 2489 est

1718 2533 1843 2585 ergo
1867 2513 2139 2567 distinctio
2160 2534 2279 2586 quae
2308 2515 2365 2568 in
2394 2515 2599 2586 aliquot
2628 2515 2739 2568 edi-

1720 2595 1956 2647 tionibus
1985 2595 2257 2648 invenitur
2282 2615 2295 2644 ε
2350 2620 2373 2641 ι
2398 2593 2577 2666 Atque
2607 2593 2739 2650 adeo

1717 2687 1779 2726 ut
1800 2687 1861 2726 tu
1886 2675 2019 2727 scire
2045 2675 2215 2744 possis
2242 2675 2439 2726 factum
2456 2714 2473 2740 ,
2512 2693 2609 2744 ego
2638 2675 2739 2727 hoc

1718 2766 1895 2806 tecum
1918 2752 2105 2807 divido
2129 2779 2177 2806 ι.
2202 2755 2373 2808 Sum.
2397 2785 2479 2796 —
2504 2755 2739 2820 Factum,

1718 2834 1756 2886 i.
1782 2852 1835 2904 q.
1858 2851 2001 2896 rem,
2028 2832 2176 2904 quod
2201 2832 2467 2904 agendum
2486 2847 2582 2887 est.
2651 2847 2657 2852 ·

1806 2932 1829 2966 1
1842 2917 1894 2968 8.
1920 2914 2159 2983 Inperium
2176 2925 2220 2963 ee
2242 2914 2467 2966 inhibere.
2488 2914 2741 2967 Fontina-

1719 2993 1810 3056 lis,
1853 2991 1983 3045 deus
2010 2993 2240 3046 fontium
2257 3031 2272 3058 ,
2316 2990 2460 3046 unde
2500 2993 2742 3046 Fontina-

1718 3071 1789 3124 lia
1804 3110 1821 3136 .,
1854 3085 2040 3125 vocata
2080 3090 2243 3126 saera.
2288 3074 2529 3145 Inperium
2568 3085 2740 3127 autem

1720 3151 1928 3204 inhibere
1947 3151 2201 3206 Fontinali
2229 3165 2311 3206 est
2332 3153 2387 3206 iu
2412 3171 2547 3224 aqua
2573 3154 2742 3222 impe-

1688 3265 1701 3276 ·
1720 3232 1862 3284 rium
1883 3231 2097 3285 habere.
2123 3233 2394 3286 Sententia
2420 3245 2529 3285 est:
2548 3233 2740 3285 Utrum

1720 3329 1869 3383 aquae
1894 3328 1961 3364 an
1991 3312 2117 3364 vino
2146 3330 2367 3383 praeesse
2408 3311 2606 3364 mavis?
2652 3313 2741 3364 Fe·

1720 3403 1855 3443 stus:
1888 3391 2258 3456 «Fontinalia,
2304 3391 2533 3444 fontium
2560 3409 2738 3446 sacra:

1722 3469 1866 3523 unde
1898 3483 1951 3524 et
1979 3473 2161 3522 Romae
2191 3470 2486 3525 Fontinalis
2519 3483 2670 3540 porta
2693 3496 2740 3521 ι.

1722 3550 2104 3602 Tertullianus:
2135 3576 2156 3596 ι
2174 3550 2215 3603 F
2218 3550 2487 3615 ontiualis,
2511 3549 2611 3602 dea
2633 3551 2745 3602 fon·

1721 3631 1854 3684 tium
1881 3655 1902 3676 ι
1918 3667 1930 3680 .
1952 3630 2377 3682 Tuam—conf.
2414 3630 2605 3684 Bacch.
2629 3631 2739 3691 111,

1727 3709 1757 3760 3
1776 3747 1793 3774 ,
1819 3714 1913 3771 44.
1929 3739 2009 3752 -·—
2026 3709 2194 3762 Nimio
2218 3709 2404 3782 liquido
2419 3747 2435 3774 ‚
2458 3708 2611 3762 valde
2639 3709 2744 3762 cla·

1721 3806 1807 3848 re,
1832 3788 1873 3840 i.
1902 3806 1949 3841 e.
1978 3789 2283 3842 certissime.
2313 3791 2422 3843 Cic.
2452 3791 2608 3841 Verr.
2635 3789 2744 3853 VI,

1730 3866 1801 3920 56
1828 3887 1841 3918 ε
1888 3893 1911 3916 ι
1943 3867 2259 3920 confirmare
2280 3866 2490 3940 liquido
2516 3894 2566 3922 a.
2594 3865 2747 3920 Idem

1720 3947 1890 4017 Epist.
1918 3947 2043 3999 fam.
2073 3948 2185 4012 IX,
2219 3967 2324 4018 27:
2366 3946 2616 4018 «liquido
2652 3965 2746 4000 ne·

1722 4044 1845 4095 gare
1866 4051 1889 4074 »
1902 4065 1917 4080 .
1938 4027 2005 4079 Ν.
2640 4023 2647 4028 ’

1812 4123 1899 4175 19.
1930 4105 2089 4180 Cpmc't
2106 4124 2161 4158 se
2179 4145 2195 4171 ,
2222 4107 2257 4158 i.
2283 4125 2331 4162 e.
2350 4107 2596 4173 comitur.
2620 4107 2745 4159 Ter.

1725 4183 1914 4240 Heaut.
1944 4187 2030 4252 ΙΙ,
2063 4205 2089 4236 a
2116 4221 2134 4248 ‚
2174 4205 2259 4239 ιι.
