3067 5017
534 420 675 507 314

1362 417 1862 507 smmum,

499 552 706 630 *Nam
747 544 859 615 illa
910 570 1018 613 me
1061 546 1133 613 in
1178 544 1329 615 alvo
1377 547 1661 615 menseis
1703 548 1984 641 gestavit
2022 548 2288 637 decem,

528 664 621 728 At
662 683 791 753 ego
832 655 1011 727 illam
1053 657 1123 725 in
1166 654 1318 725 alvo
1356 673 1544 752 gesto
1581 655 1734 751 plus
1769 682 1982 729 annos
2019 658 2269 731 decem.

536 773 755 862 Atque
787 766 903 835 illa
946 790 1231 861 puerum
1266 790 1372 833 me
1412 768 1696 860 gestavit
1734 767 2125 860 parvo-lum,

535 881 697 968 Quo
740 878 963 945 minus
1000 875 1249 945 laboris
1289 872 1469 944 illam
1492 878 1754 1000 cepisse
1791 880 2163 950 existumo:

535 992 628 1056 At
666 1012 790 1080 ego
832 1012 971 1054 non
1008 983 1506 1079 pauxillulam
1490 1012 1561 1055 1n
1601 1004 1794 1057 utero
1833 1004 2019 1083 gesto
2061 989 2349 1076 famem,

530 1102 841 1184 Verum,
875 1095 1137 1181 hercle,
1177 1092 1393 1165 multo
1426 1120 1814 1166 maxumam
1851 1114 1919 1167 et
1957 1100 2457 1209 gravissumam.

454 1274 459 1285 ,
530 1208 727 1276 Uteri
768 1205 1030 1283 dolores
1062 1206 1229 1274 mihi
1266 1206 1675 1275 oboriuntur
1709 1208 1992 1293 cotidie3

530 1317 660 1387 Sed
697 1331 980 1384 matrem
1022 1340 1255 1409 parere
1301 1342 1598 1411 nequem
1629 1320 1857 1387 nescio
1897 1318 2262 1413 quomodo.

530 1428 773 1497 Audivi
820 1452 993 1521 saepe
1028 1427 1159 1495 hoc
1202 1426 1400 1522 volgo
1442 1428 1674 1514 dicier,

532 1537 759 1608 Solere
804 1536 1235 1661 elephantum
1276 1538 1622 1633 gravidam
1663 1554 2025 1634 perpetuos
2075 1539 2304 1627 decem

531 1652 691 1717 Esse
728 1672 991 1715 annos:
1026 1648 1170 1740 ejus
1206 1672 1285 1715 ex
1319 1650 1570 1716 semine
1613 1644 1758 1718 haec
1791 1663 1978 1719 certo
2019 1665 2117 1717 est
2157 1656 2410 1723 Fames.

532 1758 763 1832 Nam
740 1784 877 1851 jam
920 1757 1299 1852 complures
1331 1784 1546 1829 annos
1592 1775 1788 1829 utero
1827 1762 2038 1836 haeret
2073 1784 2248 1831 meo,

529 1872 731 1940 Nunc
774 1870 829 1937 si
869 1867 1225 1937 ridiculum
1270 1869 1614 1939 hominem
1661 1886 1916 1965 quaeret
1953 1869 2287 1967 quispiam
2311 1926 2330 1959 ‚

534 1978 806 2049 Venalis
845 2004 970 2074 ego
1008 2004 1155 2047 sum
1202 2004 1355 2047 cum
1403 1983 1820 2049 ornamentis
1866 1982 2204 2051 omnibus,

531 2090 974 2157 Inanimentis
1016 2087 1507 2185 explementum
1554 2091 1861 2184 quaerito,

534 2200 875 2270 Gelasimo
912 2226 1159 2269 nomen
1208 2202 1580 2271 mi‘indidit
1621 2227 1829 2296 parvo
1865 2217 2092 2295 pater,

533 2312 715 2402 Quia
747 2310 904 2378 inde
936 2311 1075 2403 jam
1115 2336 1153 2379 a
1190 2311 1485 2403 pauxillo
1524 2334 1736 2405 puero
1779 2310 2108 2382 ridiculus
2145 2312 2266 2381 fui.

534 2425 820 2515 Propter
864 2435 1325 2515 paupertatem
1368 2421 1538 2491 adeo
1583 2421 1715 2490 hoc
1754 2446 2000 2489 nomen
2039 2423 2296 2514 reperi3

534 2534 633 2599 Eo
656 2533 867 2624 ‚quia
908 2544 1263 2655 paupertas
1300 2526 1493 2619 fecit,
1539 2530 1860 2600 ridiculus
1897 2530 2156 2601 forem:

488 2625 505 2735 ἰ
526 2644 700 2711 Nam
742 2638 853 2709 illa
890 2642 1149 2709 omneis
1191 2643 1390 2709 arteis
1429 2642 1780 2735 perdocet,
1817 2641 1937 2709 ubi
1977 2656 2181 2735 quern
2225 2640 2495 2736 adtigit.

529 2757 657 2822 Per
692 2776 1028 2819 annonam
1068 2772 1292 2818 caram
1330 2751 1501 2819 dixit
1539 2778 1645 2820 me
1683 2766 1988 2847 gnatum
2005 2754 2234 2844 patei-3
2651 2780 2700 2815 25

530 2865 931 2956 Propterea,
960 2858 1198 2946 crede,
1242 2886 1426 2929 nunc
1458 2863 1682 2931 esurio
1720 2861 1966 2930 acrius,

532 2984 711 3036 refero
748 2984 1108 3036 invitissimus.
1140 2983 1317 3035 Nemo
1352 2985 1570 3048 retulit,

535 3063 681 3135 quod
712 3083 841 3134 ego,
870 3080 999 3115 meae
1034 3062 1193 3114 matri
1224 3063 1425 3117 Fami·
1441 3065 1571 3118 ,Sic

532 3161 719 3197 versus
772 3152 1047 3203 constant,
1108 3140 1185 3195 sic
1236 3162 1437 3198 sensus.
1489 3145 1572 3196 Ex

533 3242 680 3295 gram
714 3222 870 3275 facile
906 3222 1085 3291 potuit
1121 3222 1236 3273 fieri
1274 3243 1433 3293 quam.
1463 3224 1572 3277 Ne-

536 3322 641 3376 que
688 3304 885 3355 mirum
936 3303 991 3353 τὸ
1040 3303 1229 3369 resero,
1278 3303 1434 3375 quod
1474 3302 1570 3355 ad-

533 3384 789 3454 scriptum
869 3394 982 3434 erat
1052 3394 1302 3452 tanquam
1373 3383 1572 3437 intelli-

535 3462 797 3537 gendum,
844 3461 902 3513 in
942 3474 1249 3515 contextum
1298 3462 1569 3534 migrasse.

534 3542 715 3596 Giton.

418 3686 421 3693 Ι
520 3628 529 3633 “
622 3640 643 3674 ι
660 3629 711 3685 4.
736 3620 1079 3691 Elephantam.
1100 3615 1240 3673 Plin.
1262 3608 1433 3689 VIII,
1463 3640 1566 3675 rot

544 3730 565 3750 ιι
598 3702 797 3754 Decem
845 3699 997 3753 annis
1053 3712 1261 3770 gestare
1308 3700 1365 3753 in
1414 3714 1568 3753 utero

526 3782 721 3852 'vulgus
751 3780 1015 3833 existimat
1037 3803 1051 3842 3
1091 3780 1395 3849 Aristoteles
1418 3781 1570 3847 ‘bien-

529 3863 655 3928 ni03
680 3879 781 3915 nec
812 3860 1071 3929 amplius,
1102 3878 1261 3931 quam
1296 3862 1459 3913 semel
1487 3861 1566 3931 gi-

532 3960 723 4011 gnere;
772 3940 953 3993 vivere
1006 3939 1227 3993 ducenis
1278 3940 1456 4006 annis,
1514 3953 1568 3994 et

530 4020 787 4091 quosdam
823 4020 1067 4073 trecenis.
1103 4017 1333 4073 Iuventa
1374 4038 1563 4073 eorum

530 4120 559 4153 a
586 4100 915 4173 sexagesimo
938 4100 1130 4171 incipit
1153 4126 1200 4151 ιι.

620 4200 707 4252 17.
753 4182 898 4235 Nunc
934 4184 979 4231 .ςί
1021 4181 1293 4233 ridiculum.
1336 4177 1409 4231 'Id
1452 4190 1561 4243 est,

1651 4101 1929 4155 Juvenalis
1967 4122 1980 4152 ε

1652 4194 1752 4235 etc.
1775 4207 1796 4228 ιι
1825 4181 1912 4234 Cf.
1944 4182 2057 4245 ΙΙΙ,
2093 4183 2164 4251 78
2193 4197 2311 4249 sqq.

1660 2984 1950 3055 parasitum
1968 3022 1983 3047 ,
2011 2982 2104 3053 qui
2125 2984 2208 3035 vel
2226 2983 2436 3054 agendo
2443 3024 2461 3051 ,
2487 2987 2572 3038 vel
2599 3007 2700 3058 pa-

1659 3062 1844 3118 tiendo
1881 3062 2174 3115 ridiculum
2214 3081 2269 3115 se
2311 3064 2430 3117 aliis
2473 3068 2698 3135 praebet.

1659 3143 1869 3214 Captiv.
1891 3144 2006 3207 ΙΙΙ,
2043 3164 2095 3205 ι,
2123 3160 2209 3195 ιο.

1747 3227 1834 3277 ι8.
1867 3224 1990 3276 Cum
2025 3225 2331 3274 ornamentis.
2367 3222 2556 3277 Cicero
2593 3245 2700 3297 pro

1661 3302 1861 3357 Sestio:
1901 3303 2145 3368 «Vivus-³,
2193 3315 2255 3355 ut
2292 3302 2480 3365 aiunt,
2535 3316 2588 3357 et
2615 3308 2699 3359 vi-

1659 3382 1798 3436 dens
1824 3402 1945 3435 cum
1975 3384 2119 3435 victu
2155 3398 2250 3434 suo
2285 3400 2345 3433 ac
2376 3384 2570 3436 vestitu
2597 3404 2704 3455 pu-

1655 3463 1886 3516 blicatus
1913 3490 1961 3515 ιι.
2005 3462 2093 3515 sie
2129 3461 2226 3515 ista
2257 3461 2368 3514 duo
2401 3466 2699 3533 conjunge·

1658 3543 1823 3606 hant,
1859 3562 2029 3613 quum
2058 3560 2346 3613 personam
2382 3559 2518 3595 cum·
2533 3545 2700 3597 rebus

1659 3622 1910 3693 omnibus
1949 3640 2007 3674 se
2045 3619 2277 3673 vendere
2307 3622 2696 3693 significabant.

1659 3686 1987 3754 vendebant
2014 3712 2067 3753 et
2089 3718 2271 3755 servos
2289 3720 2412 3754 cum
2440 3719 2700 3755 ornamen-

1658 3784 1756 3839 tis,
1788 3781 1847 3833 id
1877 3794 1979 3846 est,
2027 3798 2150 3834 eum
2189 3782 2414 3847 vestitu,
2445 3801 2702 3835 nonnun-

1656 3879 1815 3931 quam
1858 3871 1912 3914 et
1947 3862 1992 3913 si
2033 3858 2167 3931 quid
2205 3862 2424 3931 penoris
2465 3862 2566 3915 sibi
2607 3862 2699 3914 in-

1654 3952 1974 3995 struxerant.
1995 3942 2184 3993 Τιῐιιιε.

1739 4026 1832 4084 ²4·
1865 4022 2064 4073 Omneis
2097 4025 2244 4071 arceis
2270 4021 2514 4089 perdocet.
2549 4020 2696 4075 Hinc

2041 4122 2064 4145 ι
2085 4100 2366 4153 Graeculus
2421 4100 2662 4153 esuriens
2681 4140 2702 4166 ,
