3067 5017
564 413 662 485 90
1336 391 1929 477 POENULUS‚

563 514 698 584 Sed
741 513 892 608 quis
933 513 1140 582 homo
1158 503 1293 584 'sti‘
1345 539 1559 586 Aeon.
1613 517 1890 588 Amicus
1940 512 2152 583 vobis.
2216 537 2519 586 instra.
2580 517 2721 606 Qui

857 624 1129 720 quidem
1167 651 1306 695 non
1343 627 1661 698 inimicus
1702 642 1825 696 est.

566 758 789 804 acolt.
827 740 1056 804 Bonus
1083 751 1183 804 est
1218 736 1331 806 hic
1369 738 1620 825 homo,
1655 763 1809 807 mea
1841 735 2177 832 voluptas,
2225 761 2529 808 Annum.
2562 738 2721 824 Pol,

857 847 1060 915 istum
1106 846 1370 934 malim,
1409 873 1615 942 quam
1654 845 1935 916 malum.

569 978 788 1026 Acon.
843 956 1187 1051 Siquidem
1239 960 1535 1027 amicitia
1553 957 1637 1028 'st
1685 956 2036 1044 habenda,
2087 981 2243 1027 cum
2289 956 2421 1026 hoc
2463 957 2721 1026 haben-

863 1067 1665 1139 da’st.Amz1.P11.Haud
1698 1092 1956 1164 precor.
2669 1085 2721 1128 ⁴⁵

571 1201 787 1248 Aaou.
817 1176 1038 1248 Multa
1066 1179 1246 1246 bona
1275 1179 1470 1248 vobis
1504 1178 1729 1248 facere
1756 1177 1921 1247 volt.
1948 1180 2505 1248 ADELPHAEonus
2526 1177 2723 1246 bonis

861 1289 1290 1359 benefeceris.

567 1423 743 1469 nan.
777 1399 1048 1470 Gaudio
1083 1425 1200 1469 ero
1235 1400 1448 1469 vobis.
1498 1424 1809 1471 Annum.
1854 1401 1947 1469 At
1974 1451 1993 1487 ‚
2036 1396 2325 1493 edepol,
2364 1421 2489 1468 nos
2524 1394 2721 1465 volu-

857 1510 1030 1606 ptati
1067 1511 1212 1582 tibi.

569 1623 1695 1716 ms‚Libertatiqueanurmlsto
1708 1647 1753 1716 p
1764 1621 1936 1690 retio
1958 1635 2105 1690 tuas
2121 1645 2245 1690 nos
2258 1618 2450 1690 facile
2461 1620 2718 1688 feceris.

572 1755 794 1803 Acon.
848 1736 1096 1803 Patrue
1133 1732 1273 1815 mi,
1323 1732 1419 1800 ita
1462 1756 1569 1800 me
1611 1731 1680 1800 di
1722 1732 2045 1800 amabunt
2073 1785 2096 1815 ‚
2138 1745 2217 1800 ut
2258 1755 2422 1825 ego,
2478 1732 2533 1798 si
2594 1729 2720 1798 sim
2802 1747 2821 1766 ⁸

859 1846 945 1911 Ju
998 1843 1156 1929 iter,

565 1957 714 2022 Jam
737 2005 756 2038 ,
791 1868 1016 2020 hei-cie
1037 2005 1058 2028 ,
1099 1977 1227 2048 ego
1262 1949 1442 2021 illam
1477 1977 1757 2022 uxorem
1804 1951 2049 2022 ducam
2082 2005 2103 2037 ‚
2138 1966 2209 2020 et
2240 1954 2575 2020 Junonem
2612 1975 2725 2020 ex-

861 2061 1128 2132 trudam
1171 2062 1372 2132 foras.
2672 2075 2725 2114 ⁵⁰

565 2176 664 2242 Ut
705 2171 949 2266 pudice
987 2175 1188 2243 verba
1227 2171 1412 2244 fecit!
1461 2176 1788 2270 cogitate,
1830 2188 1901 2242 et
1934 2168 2302 2242 conmode!

563 2286 662 2351 Ut
699 2283 1000 2352 modeste
1039 2286 1414 2354 orationem
1450 2282 1781 2380 praebuit!
1820 2299 2005 2353 certo
2043 2284 2183 2352 haec
2218 2307 2367 2350 mea
2386 2281 2486 2368 'st.

563 2417 736 2462 ΗΑΝ.
778 2393 910 2464 Sed
954 2410 1031 2463 ut
1083 2410 1232 2464 astu
1268 2421 1418 2464 sum
1449 2395 1807 2490 adgressus
1840 2394 1925 2464 ad
1962 2393 2111 2466 eas!
2164 2415 2385 2464 Acon.
2428 2391 2719 2485 Lepide,

858 2503 1084 2587 hercle
1113 2559 1132 2590 ‚
1170 2519 1373 2599 atque
1409 2505 1761 2575 comnode.
2086 2575 2096 2580 ,

563 2638 738 2684 ΒΑΝ.
776 2617 990 2708 Pergo
1021 2615 1226 2683 etiam
1253 2617 1561 2685 tentare?
1595 2641 1817 2687 Acon.
1851 2619 1933 2684 In
1960 2639 2177 2711 pauca
2200 2613 2463 2700 conset-3
2482 2612 2722 2682 sitiunt

859 2726 977 2818 qui
1014 2723 1268 2794 sedent.

564 2858 739 2904 ΒΑΝ.
777 2837 966 2924 Quid
1004 2837 1225 2924 isteic‚
1274 2837 1458 2931 quod
1496 2837 1891 2906 faciundum
1906 2836 2024 2924 ’st,
2066 2861 2189 2904 cur
2234 2859 2373 2902 non
2419 2833 2721 2928 agimus?

860 2947 928 3014 in
963 2946 1074 3038 jus
1110 2972 1228 3015 vos
1273 2972 1460 3016 voco,
2670 2971 2719 3008 ⁵⁵

569 3066 783 3112 aeon.
821 3045 1023 3115 Nunc
1059 3059 1244 3130 tene,
1294 3061 1555 3138 patrue.
1609 3071 1781 3114 HAN.
1834 3048 1939 3112 Tu
1966 3097 1985 3128 ‚
2018 3044 2195 3137 frugi
2236 3044 2291 3111 si
2342 3043 2535 3110 bonae
2580 3066 2715 3110 οε...

858 3178 1071 3222 acon.
1112 3152 1268 3222 Vin’
1299 3180 1426 3250 ego
1455 3156 1630 3224 hanc
1666 3154 2217 3249 adprehendam?
2254 3178 2429 3223 ΗΔΕ.
2465 3154 2666 3222 Tene.

656 3352 751 3416 43.
775 3352 880 3420 Qui
905 3353 1096 3422 quidem
1128 3371 1225 3403 non
1264 3356 1484 3406 inimicus
1509 3366 1601 3408 est.
1692 3354 1857 3406 stocie
1916 3352 2201 3404 amicitiam
2221 3390 2238 3415 ,
2320 3351 2531 3422 qualem
2597 3369 2723 3423 erga

567 3432 843 3485 Sententia
868 3433 984 3484 haec
1011 3433 1280 3487 contraria
1311 3434 1425 3486 illi:
1463 3461 1484 3482 ι
1505 3435 1604 3506 qui
1691 3434 1869 3504 ipsum
1898 3449 1955 3484 se
1984 3431 2147 3502 gessit
2172 3443 2275 3483 act.
2296 3432 2325 3482 1
2341 3469 2357 3495 ‚
2384 3449 2455 3483 sc.
2480 3451 2531 3483 ι.
2550 3430 2619 3482 N.

563 3531 680 3565 non
705 3530 918 3564 mecum
938 3552 954 3575 ‚
991 3524 1179 3564 contra
1207 3531 1296 3565 me
1322 3538 1370 3566 ι.
1407 3514 1603 3566 Memi-
1774 3514 1869 3566 52.
1915 3512 2064 3565 Certo
2090 3513 2195 3563 Ιιωσ
2220 3531 2323 3562 mea
2344 3511 2423 3564 ἐι.
2450 3509 2579 3563 Haec
2604 3529 2718 3564 me-

567 3592 714 3645 neris
749 3592 848 3644 hac
885 3591 1064 3644 fabula
1102 3590 1496 3664 Adelphasium
1524 3612 1601 3646 sa·
1687 3593 1793 3646 lius
1818 3591 2074 3645 Hannoni
2101 3590 2317 3644 dentur.

525 3703 537 3716 ·
562 3671 770 3742 pientia
796 3671 1060 3742 insignem
1090 3669 1209 3724 dari
1231 3710 1248 3736 ‚
1276 3686 1339 3726 ut
1357 3673 1415 3726 in
1436 3673 1599 3726 Persa
1772 3673 1869 3735 54.
1899 3670 2089 3725 Sirium
2113 3675 2199 3743 qui
2226 3670 2425 3736 sedent,
2451 3668 2568 3722 scil.
2594 3687 2718 3741 spe·

563 3750 782 3822 parasiti
833 3750 1037 3815 filiam3
1085 3769 1264 3822 neque
1317 3752 1601 3806 miraberis
1688 3765 1934 3806 ctatores.
1962 3753 2259 3804 Boxnomr-

563 3849 682 3884 eam
709 3829 1094 3901 philosophari.
1121 3831 1191 3884 N.
1772 3832 1866 3886 55.
1896 3833 1968 3886 In
1981 3834 2071 3902 jus
2098 3850 2190 3883 vos
2222 3849 2363 3882 voco.
2392 3829 2496 3882 Hic
2522 3829 2719 3899 incipit

647 3909 741 3973 45.
769 3910 932 3961 Haud
952 3931 1130 3981 precor
1161 3913 1305 3963 Deos
1343 3909 1493 3964 istud
1516 3911 1597 3964 fa·
1687 3911 2016 3978 ludificatio,
2076 3928 2185 3981 qua
2232 3911 2273 3963 si
2322 3909 2719 3962 delectarentur

564 4007 718 4056 cere,
748 4002 810 4043 ut
847 3989 1082 4043 amicitia
1123 3991 1191 4043 sit
1235 4008 1357 4043 cum
1405 4009 1470 4042 eo
1499 3991 1597 4044 ha-
1686 3993 1920 4045 Romani
1966 4003 2322 4062 spectatores,
2368 3987 2717 4060 prudentiam

561 4068 758 4124 benda.
794 4070 861 4122 Se
905 4083 1276 4140 aspernantem
1311 4070 1595 4141 profitetur
1686 4091 1873 4126 eornm
1903 4069 2049 4124 haud
2078 4071 2256 4142 magni
2290 4069 2495 4122 faciam.

559 4148 816 4204 adversus
845 4151 1078 4204 oblatam
1108 4151 1254 4202 ultro
1289 4151 1358 4204 ab
1392 4152 1593 4220 Agora·-
1768 4154 1859 4206 56.
1886 4153 1965 4205 Tu
1980 4192 1997 4217 ,
2015 4151 2179 4221 frugi.
2204 4151 2292 4203 Tu
2310 4167 2441 4208 vero
2462 4169 2551 4204 eas
2572 4161 2715 4212 tene,
