3067 5017
620 400 768 485 486
1274 398 2110 493 Tancumzmns,

622 548 781 595 run.
816 525 973 606 Dic,
1010 524 1251 593 amabo
1280 540 1380 609 te,
1408 527 1525 595 ubi
1565 544 1664 596 est
1693 530 2120 600 Dinarchus?
2149 554 2310 601 etr.
2340 532 2566 604 Domi.
2599 560 2757 611 run.

920 635 1047 702 Dic
1082 636 1170 701 ob
1204 636 1344 703 haec
1382 636 1595 719 dona,
1636 665 1786 732 quae

618 744 721 812 Ad
738 746 1241 829 memiserit‚1ne
1254 744 1441 814 illum
1456 772 1681 815 amare
1693 734 2058 843 plurimum
2073 752 2372 821 omnium
2392 754 2762 842 hominum,

616 856 797 947 Ergo
826 880 1063 949 meque
1086 855 1411 925 honorem
1440 856 1535 924 illi
1559 858 1804 927 habere
1833 861 2138 928 omnium
2167 886 2592 951 maxumum,
2639 934 2647 939 ,

616 969 872 1056 Atque,
920 980 997 1033 ut
1040 964 1179 1035 huc
1222 968 1475 1053 veniat,
1524 970 1896 1038 obsecrare.
1944 995 2103 1041 cm.
2147 972 2386 1045 Ilicet:
2435 975 2548 1043 sed
2591 976 2762 1069 quis-

912 1100 1067 1143 nam
1112 1076 1245 1145 illic
1282 1078 1617 1164 homo’st‚
2707 1106 2760 1145 ³⁵

613 1184 755 1271 ,Qui
794 1186 977 1278 ipsus
1008 1212 1077 1253 se
1105 1203 1357 1255 comest
1378 1240 1397 1275 ‚
1430 1188 1669 1275 tristi3‚
1695 1188 1904 1257 oculis
1939 1188 2176 1260 malis?
2199 1194 2461 1277 anime,
2497 1192 2719 1263 hercle
2741 1248 2762 1279 ‚

908 1298 1111 1365 homo
1149 1322 1273 1365 suo
1308 1313 1407 1367 est
1446 1300 1688 1385 miser,

616 1407 943 1499 Quisquis
981 1422 1099 1475 est.
1140 1432 1309 1477 run.
1346 1410 1614 1503 Dignus
1643 1425 1772 1495 θεῖ,
1805 1426 2154 1503 mecastor.
2193 1434 2356 1483 Ger.
2395 1412 2582 1500 Quid
2619 1412 2758 1481 est?

908 1542 1076 1587 mm.
1116 1521 1271 1588 Non
1304 1520 1628 1611 gnovisti‚
1669 1522 1980 1607 obsecre,

614 1628 755 1714 Qui
794 1626 971 1695 illeic
996 1628 1177 1721 apud
1216 1654 1323 1696 me
1364 1630 1552 1699 erat?
1587 1632 1787 1725 hujus
1827 1647 2018 1726 pater
2049 1632 2237 1727 pueri
2267 1631 2440 1701 illeic
2475 1647 2574 1701 est
2606 1658 2624 1701 ε
2657 1658 2757 1700 us-

908 1762 1041 1829 que
1074 1739 1563 1831 abjectaculurn

606 1846 816 1917 Jussit
842 1846 927 1915 ali
960 1872 977 1915 ε
1010 1849 1246 1933 mansi,
1292 1849 1708 1935 auscultavi,
1749 1850 2119 1919 observavi.
2157 1875 2316 1921 cm.
2355 1852 2578 1941 Quem
2615 1875 2754 1947 per-

902 1983 1103 2031 n1m1s

610 2074 835 2141 Gnovi
880 2070 1223 2139 hominem
1262 2068 1456 2137 nihili
1490 2096 1505 2138 :
1547 2069 1718 2155 illic,
1745 2096 2012 2165 quaeso,
2056 2072 2208 2140 aet?
2237 2090 2408 2141 pun.
2447 2070 2596 2141 Illic
2635 2086 2745 2141 est.

908 2205 1061 2250 em.
1096 2184 1211 2248 Me
1249 2182 1550 2249 intuetur
1585 2205 1876 2275 gemens,
2700 2206 2749 2249 4ο

1731 2332 1934 2385 ximum
1980 2332 2259 2404 scriptura
2299 2332 2532 2403 antiquae
2574 2334 2744 2387 foret:

1734 2439 1756 2461 ιι
1779 2430 1943 2483 usque
1997 2432 2028 2465 a
2077 2412 2358 2482 Pentapoli
2399 2414 2552 2484 jussit
2603 2414 2670 2466 ali
2703 2440 2746 2467 ι.

1725 2491 2152 2547 convenientem
2217 2510 2427 2545 sensum
2485 2494 2750 2565 patiuntur

1728 2572 2038 2641 sequentia:
2073 2597 2097 2619 ι
2123 2571 2290 2625 mansi
2327 2584 2378 2624 et
2407 2573 2697 2642 exspectavi
2720 2599 2740 2619 ι

1727 2650 2004 2703 hominem
2022 2688 2038 2713 ,
2065 2650 2354 2703 auscultavi
2381 2664 2436 2704 et
2466 2651 2685 2705 audiens
2699 2653 2748 2704 ei

1725 2728 1874 2784 dicto
1899 2732 2009 2794 fui,
2035 2731 2311 2785 observavi
2333 2730 2482 2801 quod
2503 2732 2558 2784 in
2589 2732 2747 2785 literis

699 2336 794 2388 32.
820 2334 1010 2387 Amabo
1034 2346 1095 2386 te.
1116 2334 1291 2386 Casin.
1314 2332 1370 2398 I,
1397 2350 1447 2398 1,
1474 2338 1570 2401 49.

694 2416 785 2479 34.
809 2416 982 2485 Meque
1007 2415 1229 2465 honorem
1258 2414 1351 2465 illi.
1378 2414 1606 2482 Vulgata
1625 2450 1640 2475 ‚

615 2524 637 2545 a
658 2514 942 2565 meumque
977 2496 1247 2547 honorem
1284 2493 1438 2545 illum
1460 2519 1481 2540 ι
1502 2531 1519 2557 ,
1558 2491 1640 2554 iu-

611 2575 909 2629 extricabili
932 2592 1105 2627 sensu.
1132 2572 1278 2625 Asin.
1301 2574 1326 2625 1
1343 2611 1358 2637 ,
1394 2591 1446 2636 ῐ,
1476 2576 1570 2624 66.

694 2653 785 2707 36.
808 2656 990 2706 Animo
1014 2674 1101 2705 suo
1116 2690 1131 2718 ,
1156 2672 1219 2705 ex
1243 2652 1499 2705 sententia
1521 2668 1636 2703 sua.

604 2780 613 2787 .
694 2736 787 2787 38.
820 2734 979 2804 Usque
998 2733 1363 2802 abjectuculum.
1385 2732 1638 2800 Vulgata,

616 2842 637 2861 ι
661 2833 828 2884 usque
851 2811 919 2865 ad
938 2813 1267 2885 Jeutaculmn
1292 2838 1311 2857 -
1336 2850 1349 2874 ,
1375 2829 1538 2879 quam
1563 2811 1639 2863 sio

606 2893 833 2965 explicat
874 2893 1167 2945 Lambinus
1204 2911 1215 2941 ε
1273 2890 1484 2943 Primus
1525 2904 1639 2943 erat

606 2974 759 3025 cibus
778 2970 921 3043 apud
944 2972 1231 3033 Romanos,
1248 2982 1308 3021 ut
1329 2967 1469 3039 apud
1486 2970 1638 3021 Grae-

606 3068 696 3105 eos
736 3052 1026 3121 ἀκράτισμα
1058 3068 1071 3102 :
1112 3068 1273 3120 quem
1316 3050 1636 3119 sequebatur

602 3130 893 3203 prandium
920 3146 933 3182 τ
968 3128 1166 3182 deinde
1197 3143 1455 3198 vesperna
1481 3149 1492 3180 ε
1536 3148 1636 3199 po-

603 3220 799 3264 stremo
819 3228 966 3263 coena
983 3229 996 3263 ε
1014 3208 1157 3279 apud
1174 3209 1389 3261 Graeoos
1406 3207 1604 3277 o'ipwtev
1619 3248 1634 3272 ,

599 3290 795 3343 deinde
812 3292 1108 3359 ἑσπέρισμα,
1122 3301 1395 3358 postremo
1410 3283 1632 3341 δεῖπνον.

603 3371 867 3435 Quen-itur
908 3370 1070 3439 igitur
1112 3369 1199 3421 hic
1240 3370 1629 3429 Phronesium,

598 3450 827 3501 militem
870 3450 1057 3500 aluisse
1100 3464 1325 3517 puerum
1366 3464 1535 3517 usque
1567 3447 1635 3499 ad

592 3529 920 3601 jentaculum
944 3528 1236 3581 dumtaxat.
1250 3558 1327 3567 --
1348 3526 1634 3595 Depositus

599 3623 653 3663 et
674 3609 763 3661 hic
788 3608 1145 3665 conclamatus
1179 3607 1344 3659 locus..
1390 3606 1632 3675 Scriptus

598 3692 749 3752 alter,
774 3706 981 3759 «usque
1003 3685 1367 3738 adeotaculum
1388 3710 1409 3732 ι
1436 3704 1451 3749 3
1477 3686 1630 3750 alter,

604 3794 627 3816 α
655 3786 819 3840 usque
844 3766 930 3819 .ad
970 3766 1288 3837 jectaculum
1320 3788 1367 3815 ο.
1406 3763 1556 3829 Quid
1585 3766 1629 3817 si

595 3848 700 3901 hoc
748 3850 846 3900 sub
899 3859 1135 3898 monstro
1178 3846 1423 3895 vocabuli
1472 3844 1630 3897 lateat

594 3946 795 3981 nomen
850 3928 950 3979 loci
971 3967 986 3991 ,
1038 3923 1180 3977 unde
1238 3924 1423 3975 absens
1476 3923 1628 3977 miles

590 4010 846 4079 jusserat,
888 4002 1036 4077 quod
1078 4015 1265 4056 natum
1316 4017 1449 4055 esset
1488 4004 1622 4056 tolli.

590 4090 709 4141 Aet.
738 4087 827 4143 11,
862 4104 932 4137 sc.
964 4092 995 4148 4
1026 4102 1038 4137 :
1079 4110 1101 4132 ι
1126 4085 1265 4135 Nam
1290 4084 1396 4136 huc
1418 4084 1625 4136 remisit

1727 2809 2042 2863 mandatum
2065 2822 2193 2863 erat.
2223 2812 2288 2863 In
2310 2812 2482 2863 verbis
2501 2812 2648 2864 Getae
2668 2812 2746 2863 ni·

1725 2889 1802 2941 hil
1851 2902 2004 2943 muto
2021 2928 2037 2956 ‚
2085 2888 2180 2941 sed
2225 2908 2444 2961 prorsus
2497 2891 2746 2943 assentior

1723 2969 2077 3023 Taubmanno
2097 2969 2287 3021 tmesin
2311 2968 2581 3040 duplicem
2609 2988 2744 3023 esse:

1731 3072 1753 3096 α
1775 3067 1932 3119 quem
1979 3068 2200 3120 pernam
2253 3050 2417 3119 gnovi
2475 3051 2745 3102 hominem

1722 3128 1919 3181 nihili?
1949 3154 1972 3176 ι
1999 3128 2056 3181 id
2073 3142 2169 3192 est,
2190 3146 2480 3199 quemnam
2503 3130 2742 3200 pernovi.

1721 3210 1788 3261 Τὸ
1825 3226 1936 3259 nan
1971 3208 2193 3279 quidem
2227 3209 2511 3279 sepissime
2537 3210 2748 3261 Plautus

1721 3288 1798 3340 sic
1833 3301 2040 3359 separat
2071 3290 2140 3341 ab
2167 3306 2232 3341 eo
2269 3289 2357 3340 cui
2397 3289 2643 3342 cohaeret.
2677 3292 2744 3340 Et

1722 3368 1898 3419 solent
1920 3366 2065 3420 idem
2099 3369 2272 3421 facere
2309 3375 2384 3439 τῷ
2418 3388 2510 3436 per
2533 3369 2589 3420 in
2615 3368 2742 3421 aliis.

1721 3446 1808 3499 Sic
1831 3466 1923 3516 per
1945 3448 2066 3499 milei
2089 3460 2303 3517 gratum.
2333 3448 2519 3500 Gnou.
2539 3448 2744 3499 -Nos

1720 3527 2068 3595 abjectae-celum
2103 3546 2134 3579 e
2167 3526 2302 3579 MSS
2331 3526 2682 3581 deformatam
2713 3546 2742 3579 a

1719 3606 1914 3659 Bothio
1955 3609 2082 3659 lect.
2117 3607 2434 3676 accepimus.
2475 3640 2556 3651 --
2589 3607 2740 3659 Illeic.

1720 3686 1794 3737 Ut
1819 3687 1924 3738 heic
1948 3687 2088 3738 valet
2113 3706 2287 3748 nunc,
2310 3686 2438 3738 illexi.-
2465 3688 2568 3739 erit
2593 3686 2738 3738 olim.

1799 3764 1895 3833 39.
1953 3768 2208 3818 Pet-nimis.
2257 3765 2484 3834 Vulgata
2545 3784 2742 3837 pernam

1715 3862 1870 3897 sensu
1913 3858 2084 3909 caret,
2115 3862 2291 3916 neque
2337 3843 2544 3916 duplici
2584 3864 2740 3917 quam

1716 3925 1834 3977 vult
1861 3926 2250 3977 Tnubmannus
2286 3925 2572 3995 expeditur
2597 3926 2740 3996 quasi

1716 4005 1784 4056 sit
1819 4031 1842 4052 ι
1867 4023 2148 4076 quemnam
2179 4006 2512 4075 pergnovi».
2553 4008 2615 4057 In
2647 4004 2754 4056 de·'

1713 4098 1924 4154 sperato
1947 4086 2074 4137 loco
2099 4085 2300 4155 placuit
2328 4084 2580 4137 Lambini
2601 4084 2739 4137 divi-

588 4184 763 4238 nuper
782 4164 847 4220 ad
873 4184 958 4219 me
978 4166 1285 4235 epistolam,
1308 4177 1410 4217 etc.
1436 4188 1458 4211 υ
1490 4162 1622 4216 Pro·
1707 4166 1875 4218 natio,
1903 4165 1972 4217 N.
