3067 5017
627 449 720 522 56

1389 450 1991 537 POENULUS,

629 597 840 645 Acon.
880 575 1053 641 Hei‘n
1092 571 1270 639 istaec
1303 568 1456 639 volo
1497 594 1661 665 ergo
1699 598 1814 641 vos
1852 572 2363 642 conmeminisse
2403 577 2661 664 omnia,

621 688 789 755 Mox
812 707 1017 777 quom
1044 680 1131 748 ad
1150 694 1501 775 praetorem
1533 706 1691 750 usus
1720 684 1962 751 veniet.
2000 706 2162 751 Anv.
2193 685 2723 755 Meminerimus.

621 818 842 864 Aaou.
869 791 1056 883 Quid
1085 793 1137 861 si
1172 792 1420 860 recenti
1462 814 1531 860 re
1568 790 1763 860 aedeis
1795 791 2099 886 pultem?
2126 815 2290 863 ADv.
2318 796 2597 863 Censeo.

619 928 836 974 Acon.
876 905 945 972 Si
981 901 1272 996 pultem,
1311 926 1448 969 non
1486 890 1806 971 recludet.
1840 926 2001 971 Anv.
2040 904 2287 971 Panem
2322 901 2635 997 frangite.

617 1036 836 1083 AGOR.
882 1013 953 1081 Si
995 1011 1228 1079 exierit
1259 1008 1450 1096 len0‚
1489 1012 1769 1080 censetis
1803 1011 2147 1081 hominem
2182 1012 2622 1107 interrogem,
2712 1043 2765 1069 ιο

619 1125 816 1192 Meus
853 1146 1078 1191 servos
1121 1120 1176 1189 si
1211 1118 1298 1189 ad
1333 1146 1488 1191 eum
1528 1122 1821 1208 venerit,
1860 1146 1987 1189 nec
2022 1118 2146 1189 ne?
2183 1146 2348 1191 Amr.
2381 1124 2763 1218 Quippini?

620 1256 840 1302 Acon.
861 1235 1038 1303 Cum
1059 1230 1207 1300 auri
1235 1229 1540 1299 ducentis
1565 1230 1787 1299 numis
1814 1229 2182 1325 Philippis?
2198 1256 2361 1300 ΜΝ.
2386 1233 2765 1326 Quippini?

621 1366 842 1415 Acon.
880 1342 984 1409 Ibi
1018 1338 1351 1434 extemplo
1391 1338 1545 1409 leno
1580 1340 1853 1410 errabit.
1891 1365 2054 1409 Auv.
2096 1341 2252 1429 Qua
2288 1339 2371 1409 de
2408 1342 2519 1411 re?
2545 1364 2763 1413 Aeon.

910 1454 1135 1545 Rogas
1157 1449 1187 1516 Ξ)

620 1562 801 1649 Quia
843 1575 1116 1630 centum
1156 1559 1380 1627 numis
1416 1560 1639 1626 minus
1673 1557 1952 1627 dicetur.
1998 1583 2165 1628 snv.
2202 1563 2379 1629 Bene
2420 1575 2637 1654 putas.

617 1694 841 1741 Aeon.
886 1668 1118 1738 Alium
1151 1667 1448 1737 censebit
1485 1668 1851 1762 quaeritari.
1894 1692 2062 1738 Anv.
2105 1669 2394 1741 Scilicet.
2572 1726 2579 1735 .
2712 1695 2765 1733 ,ε

617 1805 836 1851 Acon.
872 1776 1225 1871 Extemplo
1269 1775 1646 1869 denegabit.
1682 1801 1847 1845 ADv.
1882 1780 1920 1845 J
1926 1792 2154 1847 uratus
2191 1778 2485 1873 quidem.

616 1913 838 1961 Aaou.
877 1892 1099 1956 Homo
1135 1884 1298 1953 furti
1337 1907 1476 1955 sese
1511 1885 1899 1981 adstringet.
1938 1910 2101 1957 ADv.
2138 1889 2341 1958 Haud
2375 1889 2656 1959 dubium
2692 1890 2765 1960 id

912 1996 1184 2092 quidem
1204 1993 1305 2063 ’st.

613 2133 832 2180 Acon.
868 2108 1225 2195 Quantum
1255 2119 1591 2201 quantum
1629 2106 1711 2177 ad
1733 2132 1885 2175 eum
1908 2110 2037 2177 erit
2056 2108 2374 2181 delatum.
2396 2133 2561 2180 Anv.
2590 2112 2765 2201 Qui-

915 2218 1060 2311 pini
1079 2216 1108 2284 ?

613 2352 836 2400 Aaou.
882 2326 1223 2421 Diespiter
1264 2351 1378 2393 vos
1415 2325 1703 2420 perduit.
1740 2351 1907 2397 ΜΝ.
1953 2333 2048 2397 Te
2089 2330 2445 2423 quippini?

617 2463 835 2510 Acon.
868 2436 994 2506 Ibo
1031 2452 1098 2505 et
1132 2434 1410 2530 pultabo
1440 2437 1719 2528 januam
1740 2437 1947 2547 banc.
1983 2462 2153 2509 Anv.
2185 2443 2289 2508 Ita
2329 2440 2765 2533 quippini?‘³o

613 2605 653 2658 i.
681 2622 738 2675 q.
770 2628 794 2651 α
820 2602 952 2655 οΙίιιι
983 2604 1216 2667 furores,
1267 2620 1478 2673 semper
1507 2602 1647 2654 leni·
1725 2622 1901 2674 panem
1916 2606 2176 2675 frangite,
2214 2602 2493 2676 quomodo
2518 2602 2762 2658 disertim

616 2696 698 2737 tas
715 2720 732 2747 ‚
760 2683 1023 2752 antemala
1047 2708 1095 2735 ιι.
1123 2680 1268 2733 Vide
1290 2682 1552 2753 volpium
1576 2681 1649 2735 ad

618 2762 813 2817 Catull.
844 2762 976 2832 eleg.
998 2759 1069 2814 ad
1094 2761 1257 2815 Manl.
1280 2780 1357 2814 vs.
1386 2780 1407 2814 1
1425 2780 1515 2831 29.
1530 2764 1603 2815 N.

707 2860 797 2911 17.
845 2842 972 2893 Usus
997 2844 1187 2903 veniet,
1233 2859 1402 2912 quum
1431 2854 1645 2911 tempus

617 2920 828 2985 veniet,
870 2939 979 2992 quo
1006 2939 1142 2991 opus
1167 2918 1266 2986 sit,
1315 2932 1377 2973 ut
1404 2928 1644 2975 comme-

617 3000 901 3053 mineritis.

705 3082 794 3133 18.
833 3079 975 3149 Quid
993 3082 1070 3141 si,
1099 3092 1200 3131 etc.
1247 3080 1472 3135 Locutio
1512 3099 1643 3135 con-

611 3158 884 3235 sultantis.
915 3190 994 3199 -
1015 3158 1196 3211 AEdeis
1221 3160 1442 3213 lenonis.

707 3256 798 3306 19.
819 3237 1004 3289 Panem
1021 3238 1268 3309 frangite.
1292 3238 1324 3289 J
1329 3257 1456 3291 ocus
1485 3252 1565 3292 est
1586 3240 1643 3293 in

621 3336 753 3371 voce
769 3317 970 3387 pultem.
997 3318 1256 3382 Quamvis
1274 3316 1488 3371 dixisset
1502 3322 1645 3390 Ago-

617 3398 904 3451 rastocles·
890 3436 903 3449 .
940 3423 962 3445 α
986 3397 1042 3449 Si
1070 3398 1295 3467 pultem,
1318 3416 1433 3450 non
1462 3400 1642 3451 reclu-

619 3474 750 3529 deti·
771 3515 787 3540 ,
836 3474 1126 3539 advocati,
1165 3488 1420 3548 tanquam
1455 3479 1643 3547 pultem

615 3554 898 3615 accusandi
922 3575 1045 3611 casu
1069 3552 1286 3610 dixisset
1309 3555 1645 3624 adolescens,

616 3646 670 3688 et
691 3632 760 3687 de
784 3636 934 3705 pulte
955 3634 1289 3708 loqueretur,
1320 3636 1638 3706 excipiunt:

609 3732 786 3783 panem
810 3715 1050 3785 frangite.
1092 3714 1160 3769 Id
1187 3728 1296 3781 est,
1328 3715 1557 3785 pedibus
1589 3730 1643 3770 et

610 3790 874 3863 pultando
893 3794 1034 3847 fores
1059 3795 1312 3865 frangite,
1325 3794 1470 3847 haud
1487 3796 1642 3849 aliter

613 3890 775 3943 quam
813 3873 972 3942 panis.
1018 3875 1320 3947 frangitur,
1369 3875 1466 3929 ubi
1518 3875 1649 3945 puls.

612 3970 722 4003 non
773 3950 950 4005 datur.
999 3954 1120 4006 Mos
1171 3955 1319 4007 enim
1369 3967 1639 4021 veterum,

607 4051 782 4101 panem
801 4033 1059 4103 frangere.
1101 4032 1264 4099 Quod
1291 4035 1347 4086 in
1373 3995 1641 4091 Brixiensi

613 4108 846 4169 editione
867 4114 1096 4183 legitui.
1113 4114 1239 4185 pede
1257 4114 1382 4165 oedes
1391 4116 1643 4183 frangite,

609 4190 780 4262 glossa
816 4204 922 4259 est,
971 4194 1080 4248 sive
1116 4194 1514 4266 interpretantis
1542 4202 1632 4251 τοῦ

1732 2682 1917 2753 legunt
1946 2687 1998 2737 Μ
2008 2685 2085 2738 SS
2109 2684 2239 2737 Pan.
2264 2685 2553 2737 Boxnomae.

1820 2784 1906 2817 ao.
1930 2763 1991 2817 Si·
2014 2767 2188 2816 exierit
2206 2764 2329 2817 leno.
2342 2763 2577 2817 Videtur
2597 2764 2767 2816 moris

1734 2842 1922 2909 fuisse,
1963 2856 2021 2897 ut
2063 2862 2221 2915 quem
2264 2843 2384 2914 quis
2430 2844 2605 2895 furem
2652 2861 2764 2895 esse

1732 2922 1923 2987 sciret,
1967 2940 2091 2975 eum
2142 2923 2365 2976 testibus
2411 2922 2765 2993 praesentibus

1732 3001 2091 3072 interrogaret
2132 3024 2147 3055 :
2206 3000 2487 3074 Numquid
2540 3002 2630 3058 iun
2679 3020 2766 3055 res

1733 3080 1878 3151 apud
1921 3082 2075 3137 illum
2118 3096 2285 3147 esset,
2328 3095 2446 3146 aut,
2482 3080 2765 3151 Numquid

1732 3180 1847 3214 eam
1872 3166 2285 3215 contrectasset?
2318 3161 2375 3213 Si
2398 3172 2645 3230 negaret,
2677 3180 2763 3213 res

1730 3240 1955 3293 testibus
1996 3240 2188 3294 iisdem
2229 3241 2584 3311 praesentibus
2612 3259 2761 3293 com-

1732 3319 2084 3389 periebatur?
2100 3334 2161 3374 ut
2187 3321 2473 3385 hocloco,
2524 3321 2656 3374 item
2686 3338 2761 3373 sc.

1732 3418 1812 3469 sq.
1843 3424 1865 3445 ιι
1884 3417 1973 3453 AG.
2001 3400 2117 3453 Hoc
2146 3419 2243 3471 age
2270 3400 2338 3453 sis
2366 3400 2402 3452 l.
2438 3412 2541 3453 etc.
2574 3424 2598 3447 ι
2628 3400 2757 3451 item

1730 3479 2007 3550 aliquanto
2022 3492 2170 3551 post:
2202 3505 2225 3527 ι
2245 3496 2336 3533 Λα.
2352 3480 2599 3547 Negasne
2610 3477 2761 3549 apud

1730 3569 1786 3610 te
1806 3576 1916 3611 esse
1938 3578 2129 3612 aurum
2144 3598 2163 3625 ,
2191 3571 2291 3611 etc.
2321 3585 2344 3607 ι
2370 3558 2597 3613 Horou.

1818 3644 1909 3702 ²4·
1965 3640 2097 3707 Quia
2145 3650 2331 3691 centum
2380 3642 2537 3689 numis
2586 3641 2759 3691 minus.

1729 3717 1945 3769 Etenim
1977 3717 2183 3771 dictum
2234 3718 2338 3771 suit
2376 3718 2455 3769 ini
2498 3730 2767 3771 trecentos

1730 3809 1947 3867 portare
1978 3817 2160 3879 secum
2189 3797 2455 3851 latronem
2481 3798 2762 3869 Spartiati-

1732 3894 1873 3930 cum.
1907 3878 1975 3929 N.

1818 3958 1909 4009 28.
1956 3958 2206 4027 Quantum
2234 3968 2403 4027 quant.
2438 3956 2509 4007 ad
2531 3974 2637 4006 eum
2667 3957 2763 4005 erit

1688 4072 1693 4079 -
1732 4035 1831 4088 del.
1880 4035 2173 4113 obnoxius
2206 4036 2338 4089 furti
2388 4033 2604 4088 crimini
2661 4032 2763 4085 erit

1733 4134 1835 4185 pro
1862 4106 2091 4178 summa,
2122 4128 2325 4188 quanta
2342 4113 2412 4169 ad
2437 4133 2561 4169 eum
2583 4111 2761 4211 delata

1737 4195 1917 4251 fuerit.
1940 4196 2011 4249 Ν.
