3067 5017
830 418 1900 505 Acrus1‚seENA1n.

291 539 428 628 Qui
463 563 661 609 suum
700 553 1050 632 repetunt,
1091 539 1387 628 alienum
1425 541 1718 612 reddunt
1754 561 1959 638 gnato
1992 551 2287 641 nemini,

289 649 397 718 Ab
442 649 676 717 alienis
707 649 1040 717 cautiores
1077 665 1236 718 sunt
1258 702 1276 736 ‚
1320 675 1404 720 ne
1440 651 1719 722 credant
1754 653 1943 724 alteri
1975 657 2005 725 Ρ

287 783 448 829 cn...
491 759 709 830 Nimis
757 759 957 827 miser
1001 785 1186 847 sum,
1228 785 1512 830 numum
1570 787 1904 858 nusquam
1970 774 2265 864 reperire
2322 803 2441 847 ar-

512 870 760 964 .genti
803 895 1025 963 queo:
2385 907 2438 948 cs

285 985 390 1049 Ita
423 981 627 1049 miser
661 994 728 1047 et
765 1004 990 1049 amore
1035 1005 1275 1075 pereo,
1311 995 1377 1050 et
1419 981 1651 1076 inopia
1687 987 2088 1077 argentaria.

281 1115 482 1160 ΒΑΗ..
489 1091 670 1162 Eme
697 1089 805 1158 die
827 1090 1286 1178 caeca,hercle‚
1311 1089 1592 1176 olivom‚
1612 1091 1683 1159 id
1714 1092 1983 1162 vendito
2012 1097 2281 1172 oculata
2304 1103 2435 1178 die.

279 1203 464 1285 Jam,
499 1197 752 1287 hercle,
787 1198 890 1267 vel
925 1200 1228 1268 ducentae
1262 1200 1406 1268 fieri
1442 1215 1725 1293 possunt
1758 1208 2141 1294 praesenteis
2178 1189 2397 1286 minae.

277 1335 434 1381 cu..
475 1308 683 1381 Perii!
721 1335 808 1378 an
842 1335 982 1378 non
1021 1326 1162 1378 tum
1207 1309 1316 1380 lex
1343 1335 1452 1379 me
1482 1311 1741 1405 perdit,
1776 1314 1987 1405 quina
2025 1317 2408 1396 vicenaria?

276 1425 597 1490 Metuunt
622 1419 890 1488 credere
913 1421 1191 1488 omneis.
1225 1444 1425 1491 ΒΑΗ..
1465 1421 1717 1489 Eadem
1740 1422 1821 1490 'st
1850 1425 2019 1494 mihi
2052 1424 2182 1515 lex,
2206 1449 2437 1505 metuo

570 1529 857 1599 credere.
2382 1583 2434 1622 70

275 1664 530 1712 Psnun.
570 1640 862 1712 Credere
899 1640 1172 1710 autem?
1207 1641 1371 1730 eho,
1422 1665 1510 1709 an
1556 1642 1837 1735 poenitet
1879 1658 1981 1731 te,
2026 1662 2281 1738 quanto
2319 1652 2433 1724 hic

233 1797 266 1824 a.
567 1751 772 1820 fuerit
807 1751 1010 1819 usui?

2300 454 2435 529 129

167 3245 180 3248 “
257 3239 496 3294 vendere
515 3267 536 3287 ι
550 3282 563 3294 .

283 1917 290 1924 ·
355 1891 452 1951 64.
493 1887 582 1939 Ab
621 1887 820 1949 αὶίεηίς,
857 1899 958 1939 etc.
1001 1885 1198 1938 Nescio
1231 1904 1298 1938 an

270 1967 556 2022 Gronovio
611 1965 878 2038 obsequar
919 1985 936 2021 ε

987 1983 1110 2018 nam
1161 1965 1298 2018 mihi

1403 1881 1520 1937 ria?
1545 1887 1763 1958 Duplici
1790 1906 1857 1940 tm
1884 1889 2271 1949 scribendum·
2302 1913 2430 1953 nam

1401 1970 1561 2019 viceni
1591 1981 1718 2022 sunt
1772 1970 1813 2020 οἱ
1874 1970 2025 2022 εἴκοσι
2075 1974 2157 2025 τὸν
2209 1975 2427 2049 ἀριθμόν·

266 2066 379 2098 non
412 2048 552 2100 bene
587 2059 926 2116 compertum
951 2057 1061 2110 est,
1099 2045 1298 2098 oratio·
1395 2049 1621 2098 vicennes
1650 2066 1777 2099 vero
1807 2047 2124 2112 εἰκοσαετεῖς.
2151 2055 2255 2106 Lex
2284 2059 2429 2113 enim

266 2145 395 2179 nem
423 2130 660 2178 cautiores
685 2139 800 2177 sunt
828 2123 895 2178 ad
939 2123 1087 2177 aliud
1115 2125 1296 2194 subje-

265 2219 416 2259 ctum
461 2225 620 2276 quam
676 2205 782 2259 hoc
799 2243 816 2269 ,
854 2207 940 2276 qui
986 2224 1124 2256 suum
1162 2224 1297 2274 repe-

268 2299 400 2347 tunt,
425 2287 693 2356 pertinere
708 2323 723 2350 ,
744 2298 804 2337 ut
822 2283 1160 2337 doctissimus
1180 2285 1293 2338 vult

269 2366 524 2436 suppleto
545 2367 774 2419 homines.
803 2365 941 2416 Dein
968 2367 1206 2416 cautim-es
1227 2363 1292 2415 ab

266 2447 475 2504 alienis,
525 2457 709 2498 metuo
791 2457 851 2496 ut
915 2457 1060 2496 recte
1132 2441 1291 2496 inter-'-

262 2539 530 2596 pretetur.
554 2525 706 2577 Hanc
732 2523 1122 2576 enarrationem
1145 2519 1291 2592 peri*-

261 2605 492 2656 clitabor
557 2623 572 2656 ε
655 2617 938 2674 postquam
1002 2600 1288 2672 argentarii

261 2683 570 2737 fefellerunt
596 2683 728 2736 alios
761 2683 861 2734 sibi
894 2680 1170 2736 credentes
1197 2699 1286 2752 pe-

261 2764 478 2816 cuniam
497 2804 512 2830 ‚
540 2761 916 2835 prudentiores
957 2762 1081 2814 facti
1111 2762 1286 2815 alieno

261 2845 530 2916 exemplo,
540 2840 784 2896 credere
770 2840 873 2913 ipsi
893 2843 1087 2895 nolunt
1098 2839 1251 2894 alteri
1263 2841 1288 2892 Ρ

346 2927 440 2996 67.
471 2923 596 2974 Eme
621 2923 700 2974 die
730 2942 888 2984 σασα,
924 2920 981 2974 id
1010 2934 1116 2986 est,
1129 2913 1288 2974 'solu-

259 3002 410 3055 tione
451 3001 521 3054 in
564 3001 710 3056 diem
759 3001 985 3072 prolata.
1032 3003 1233 3054 Contra
1267 3021 1280 3052 ε

265 3083 484 3134 oculata
505 3083 584 3134 die
610 3101 788 3150 emere,
805 3094 893 3134 est
919 3080 1173 3152 praesenti
1189 3096 1285 3152 pe—

258 3163 418 3214 cunia
446 3181 642 3216 emere.
681 3143 761 3214 Ita
795 3159 926 3213 Cato
955 3159 1121 3226 dixit,
1143 3183 1164 3204 α
1190 3159 1282 3212 die

609 3241 698 3294 Sic
742 3241 776 3292 J
781 3239 867 3294 Cti
911 3253 1106 3293 vocant
1152 3259 1282 3291 coeca

259 3325 547 3379 testimonia,
573 3339 692 3392 quae
711 3319 910 3390 scripto
928 3320 1283 3390 perhibentur

254 3401 580 3453 absentibus.
602 3401 685 3452 Ita
710 3392 969 3470 Virgilius
1001 3399 1058 3450 in
1085 3403 1280 3452 AEtna:

262 3508 285 3528 ι
305 3481 484 3550 Atque
511 3481 679 3532 oculis
707 3478 1055 3542 haesura-tuis
1088 3505 1136 3532 n.
1159 3479 1278 3532 Hoc

257 3572 339 3612 est
359 3599 376 3624 ,
421 3559 568 3630 quod
634 3559 810 3612 Graeci
865 3571 1036 3629 poetae
1090 3557 1280 3612 dicunt

259 3641 514 3704 βλέποντα
561 3640 823 3708 μαρτύρια..
873 3639 1092 3690 Plautus
1147 3657 1278 3691 vero

256 3719 412 3772 aliter
449 3719 668 3771 extulit:
709 3744 732 3764 ι
829 3717 943 3770 rer'n
973 3716 1070 3769 tibi
1095 3730 1277 3770 aucto-

255 3816 374 3850 rem
402 3797 546 3850 dabo
569 3824 616 3850 ι.
639 3797 729 3850 Sic
755 3797 894 3848 infra
917 3817 930 3847 ε
970 3822 993 3844 ι
1013 3797 1138 3849 Non
1164 3797 1278 3850 illic

258 3877 399 3930 duce
437 3896 524 3930 me
556 3877 790 3930 occultas
819 3877 1122 3928 scrutabere
1149 3895 1277 3928 cau·

257 3974 374 4010 sas·
407 3957 707 4010 Occurient
737 3955 946 4008 oculis
932 3973 1108 4026 ipsae·
1123 3955 1280 4007 .Εο-

1394 2125 1617 2178 Loetoria
1639 2129 1849 2180 rotabat
1870 2129 2042 2182 filium
2065 2131 2293 2188 familias
2326 2139 2431 2192 mi·

1391 2223 1582 2258 norem
1618 2207 1813 2276 viginti
1855 2209 2098 2281 quinque
2137 2217 2291 2269 annis
2330 2220 2427 2271 sti-

1390 2286 1599 2354 pulari,
1631 2285 1689 2338 id
1710 2299 1821 2350 est,
1849 2290 2225 2358 ἐπερωτᾶσθαι,
2268 2308 2329 2348 ut
2348 2300 2426 2352 ait

1387 2364 1727 2427 Priscianus,
1780 2366 1877 2419 lib.
1908 2369 2047 2421 VIII
2096 2383 2149 2424 et
2198 2373 2421 2442 XVIII,

1386 2444 1498 2496 sive
1549 2443 1827 2514 stipulanti
1880 2448 2210 2518 respondere
2254 2471 2270 2506 ε
2325 2469 2419 2510 aut

1383 2522 1706 2593 spondendo
1750 2525 1979 2594 obligari
2011 2545 2026 2578 ε
2064 2542 2126 2582 ut
2162 2532 2291 2586 JCti
2329 2537 2416 2590 lo-

1383 2616 1647 2673 quuntur.
1664 2605 1811 2656 ers.
1819 2605 2100 2659 -Retulit
2111 2627 2225 2663 eam
2240 2597 2419 2684 legem

1382 2683 1703 2752 ampliorem
1724 2683 1977 2736 Claudius
2000 2687 2177 2740 Caesar
2195 2690 2265 2744 de
2292 2713 2413 2748 om-

1382 2761 1545 2817 nibus
1580 2761 1706 2815 filiis
1748 2763 2013 2829 familias,
2044 2767 2206 2838 etiam
2244 2789 2409 2837 sum-a

1379 2842 1672 2912 legitimam
1703 2854 1937 2908 aetatem,
1984 2862 2055 2896 ne
2085 2846 2143 2898 in
2172 2863 2407 2907 mortem

1380 2934 1669 2992 parentum
1701 2919 1829 2975 filiis
1855 2923 2082 2976 familias
2109 2926 2284 2982 fenori
2315 2951 2411 3004 pe-

1379 3003 1566 3054 eunias
1596 3001 1805 3055 darent.
1838 3003 1960 3067 Qua
1992 2989 2109 3076 lege
2148 3010 2407 3067 saevitiam

1377 3081 1709 3134 creditorum
1743 3082 2028 3142 coercitam
2060 3086 2136 3138 ait
2157 3087 2405 3160 Tacitus,

1377 3160 1576 3214 Annal.
1622 3161 1733 3226 XI,
1788 3161 1885 3228 13,
1938 3164 2035 3217 ubi
2084 3164 2207 3220 vide
2253 3169 2401 3240 Lips.

1376 3241 1632 3312 Asperius
1660 3241 2023 3312 Vespasianus
2046 3261 2059 3295 :
2098 3269 2121 3292 α
2147 3246 2234 3298 Ne
2258 3248 2402 3304 filio-

1375 3339 1496 3372 rum
1560 3321 1784 3374 familias
1838 3322 2228 3379 feneratoribus
2286 3333 2401 3383 exi·

1374 3398 1541 3470 gendi
1567 3399 1757 3452 crediti
1784 3404 1870 3471 jus
1895 3421 2131 3476 unquam
2162 3421 2311 3473 esset,
2334 3428 2402 3464 ne

1375 3493 1496 3549 post
1554 3492 1765 3550 patrum
1818 3480 2039 3552 quidem
2091 3499 2317 3540 mortem
2352 3516 2399 3543 n.

1373 3559 1592 3611 Sueton.
1612 3561 1829 3630 Vespa&
1860 3577 1882 3613 1
1900 3580 1923 3613 1
1936 3603 1948 3614 .
1968 3563 2145 3632 Atque
2167 3564 2272 3619 hoc
2290 3582 2395 3634 est,

1373 3637 1521 3708 quod
1548 3638 1671 3691 Jcti
1702 3652 1895 3692 vocant
1929 3641 2030 3694 SC.
2058 3642 2402 3700 Macedonia-

1374 3735 1530 3783 cum,
1576 3737 1607 3771 a
1646 3718 1940 3772 Macedone
1980 3720 2183 3790 insigni
2218 3711 2399 3781 adole-

1372 3810 1613 3850 scentum
1642 3809 1990 3868 corruptore,
2020 3799 2088 3852 de
2116 3821 2226 3872 quo
2249 3806 2307 3858 in
2327 3809 2394 3861 D.

1371 3877 1466 3930 lib.
1499 3877 1655 3939 XIV,
1693 3877 1772 3931 tit.
1809 3882 1861 3931 6.
1884 3878 2067 3932 Grion.
2074 3877 2400 3939 *—-Vice12a-

1376 3959 1486 4018 ria‚·
1512 3956 1659 4008 nulla
1680 3957 1829 4012 litera
1855 3959 2227 4048 geminabatur
2246 3979 2402 4066 aetate
2495 4004 2499 4009 ,

261 4035 387 4089 dem
439 4035 640 4100 modo,
691 4035 933 4086 oculatam
986 3993 1135 4086 diem·
1155 4031 1290 4087 dixit
1379 4035 1646 4088 Plautina.

263 4116 501 4173 Plautus.
533 4115 689 4167 Seu..

343 4199 438 4264 69.
469 4195 572 4246 Lex
607 4215 678 4246 me
705 4193 868 4264 perdit
897 4179 1048 4264 quina
1093 4197 1285 4246 vicena-

411 4282 557 4348 III.

1465 4131 1558 4184 71.
1584 4115 1791 4168 Credere
1817 4119 2011 4168 autem-³
2030 4091 2197 4183 Quasi
2223 4121 2406 4179 dicat:

1383 4194 1542 4248 Tune
1592 4197 1817 4249 verbum
1873 4197 2061 4250 credet-e
2129 4202 2410 4257 nobiscum

2138 4306 2183 4376 9
