3067 5017
906 449 1244 529 AGTUS
1298 456 1369 545 I,
1428 450 1766 528 SCENA
1817 461 1922 527 ΙΙ.
2351 452 2501 563 459

339 581 678 654 Ηεῶἰῑιίὲῑ
696 638 715 672 ,
734 584 953 651 istunc
980 579 1065 650 ad
1096 583 1379 651 amicam
1408 605 1626 650 meras
1653 581 2110 676 querimonias
2140 581 2406 650 referre.
2440 604 2494 644 ss

341 721 495 767 Dm.
513 699 785 782 Vostra‚
806 692 1029 762 hercle
1045 747 1063 778 ‚
1096 693 1344 762 factum
1371 695 1615 786 injuria
1634 746 1652 780 ,
1669 718 1816 786 quae
1838 693 2310 786 properavistis
2334 693 2494 762 olim

336 799 603 900 Rapere
638 833 653 875 ε
698 805 909 874 otiose
936 805 1279 897 oportuit,
1328 802 1445 873 diu
1478 818 1558 872 ut
1590 825 1799 872 essem
1832 801 2192 872 incolumis
2227 801 2438 873 vobiS.

344 941 493 986 As‘r.
530 920 812 1002 Amator
841 911 1122 983 simili’st
1155 915 1387 1010 oppidi
1420 914 1704 984 hostilis.
1735 917 2064 1004 D1N.Quo
2086 929 2490 1009 argumento

632 1025 773 1094 est?
808 1037 954 1095 As‘r.
992 1025 1249 1113 Quams
1461 1111 1478 1125 ,

339 1138 645 1208 Primum
682 1135 1052 1232 expugnari
1082 1135 1305 1229 poti'st
1338 1147 1635 1221 amator,
1680 1129 2131 1229 optumum’st
2163 1133 2414 1232 amicae.

341 1272 491 1318 nm.
522 1249 667 1342 Ego
697 1245 909 1316 fateor
940 1261 955 1312 t
991 1247 1107 1314 sed
1134 1243 1332 1340 longe
1360 1245 1555 1320 aliter
1579 1259 1677 1315 est
1701 1245 1956 1314 amicus
1977 1260 2179 1338 atque
2207 1259 2489 1313 amator.

340 1363 587 1446 Certe,
637 1356 862 1426 hercle
894 1410 913 1443 ‚
964 1382 1166 1450 quam
1216 1372 1640 1426 veterrumus
1702 1353 1964 1425 homini
2012 1370 2332 1450 optumus
2391 1369 2494 1424 est
2593 1395 2596 1400 ·

640 1483 915 1538 amicus,
2440 1501 2488 1540 71

341 1582 530 1668 Non,
568 1579 827 1668 hercle,
873 1577 1275 1648 obciderunt
1311 1581 1478 1648 mihi
1522 1581 1724 1648 etiam
1759 1578 1951 1647 fundi
1988 1591 2056 1646 e't
2092 1575 2316 1646 aedeis.

340 1715 487 1761 As'r.
526 1686 689 1776 Cur,
728 1691 1005 1764 obsecro
1034 1750 1053 1780 ‚
1090 1717 1253 1788 ergo
1288 1698 1445 1766 ante
1474 1689 1723 1758 ostium
1761 1713 1886 1784 pro
1927 1691 2211 1784 ingno'to
2242 1686 2494 1756 alieno-

637 1827 767 1895 que
801 1803 1059 1873 adstas?

345 1903 377 1980 Ῑ
413 1909 629 1998 intro,
662 1904 843 1980 haud
882 1911 1141 1982 alienus
1175 1927 1251 1981 tu
1278 1903 1550 2007 quidem
1583 1929 1650 1979 es
1681 1932 1697 1978 ε
1730 1933 1922 1999 nam,
1955 1923 2236 1996 ecastor,
2277 1905 2490 1976 nemi-

636 2047 789 2090 nem
837 2023 1042 2092 hodie

342 2129 548 2225 Mage
582 2147 761 2201 amat
797 2130 997 2203 corde
1034 2146 1235 2228 atque
1271 2135 1497 2202 animo
1546 2154 1697 2218 su0‚
1733 2121 2060 2226 siquidem
2103 2121 2308 2198 habes
2347 2127 2496 2198 fun-

642 2240 805 2348 dum
837 2260 1040 2338 atque
1076 2245 1293 2339 aedeis.
2446 2260 2498 2316 '7⁵

344 2364 495 2424 Dm.
540 2357 622 2422 In
668 2353 867 2422 melle
904 2371 1060 2424 sunt
1090 2356 1336 2450 linguae
1365 2355 1505 2423 sitae
1533 2367 1772 2422 vostrae
1804 2369 2008 2448 atque
2037 2354 2374 2442 orationes

346 2457 719 2554 Lacteque3
758 2463 959 2531 corda
993 2461 1147 2532 felle·
1180 2479 1337 2532 suut
1377 2453 1525 2549 lita,
1563 2479 1762 2558 atque
1794 2463 2042 2532 acerbo
2083 2476 2292 2532 aceto,

348 2573 403 2638 E
443 2570 688 2665 linguis
725 2572 903 2642 dicta
942 2573 1163 2642 dulcia
1207 2574 1413 2662 datis,
1453 2565 1658 2643 corda
1691 2597 1916 2642 amare
1957 2566 2174 2642 fecitis

347 2682 687 2750 Amanteis
712 2735 730 2768 ‚
761 2679 813 2750 si
849 2685 1127 2777 quinon
1166 2684 1447 2753 danunt.
1484 2695 1629 2754 As‘r.
1671 2687 1824 2756 Non
1857 2681 2060 2752 didici
2094 2673 2416 2752 fabulare.

347 2815 495 2862 miv.
534 2795 688 2863 Non
718 2795 896 2863 istaec
927 2818 1076 2864 mea
1104 2795 1482 2891 benignitas
1512 2796 1741 2865 docuit
1775 2809 1841 2865 te
1875 2786 2212 2881 fabulare,
2429 2817 2500 2854 ’δυ

348 2905 477 2974 Sed
506 2907 616 2974 isti
645 2907 758 3001 qui
792 2927 944 2976 cum
980 2909 1212 2977 Geriiis
1244 2911 1378 2977 suis
1408 2907 1841 3003 belligerant,
1883 2906 2316 3002 parcipromi.

433 3093 520 3149 65.-
559 3097 727 3149 Meros
764 3101 1103 3169 querimonias.
1144 3098 1233 3150 Sic
1266 3097 1379 3151 fere
1551 3116 1646 3168 79.
1703 3099 1819 3151 Non
1863 3098 2018 3150 didit-a·
2044 3097 2311 3166 fabulare,
2349 3096 2505 3166 loqui

348 3176 601 3229 Cleaereta
630 3178 775 3230 Asin.
798 3179 857 3244 1,
898 3179 961 3243 3,
1004 3179 1117 3250 37:
1168 3205 1189 3226 ι
1218 3179 1377 3232 Nunc
1465 3180 1667 3232 nesci0.

350 3256 475 3326 quia
505 3257 638 3308 nihil
664 3257 841 3322 habes,
866 3251 1166 3313 maledictis
1187 3271 1239 3312 te
1262 3277 1379 3312 eam
1554 3262 1625 3313 80
1644 3298 1658 3323 ,
1700 3259 1792 3312 81.
1828 3258 1942 3310 Non
1973 3261 2134 3322 ist'aw,
2157 3269 2260 3309 etc.
2289 3257 2411 3308 Non
2446 3256 2504 3308 in

350 3333 565 3388 ductare
593 3339 831 3407 postulas
856 3363 905 3390 ι.
938 3340 1006 3392 Ν.
1468 3357 1556 3392 me
1582 3339 1872 3409 benignum
1908 3349 2209 3390 contemtus
2227 3337 2385 3410 plena
2409 3337 2509 3391 ista

432 3419 525 3485 67.
551 3417 749 3480 Otiose,
777 3417 939 3470 lente.
1468 3421 1797 3472 conveniunt
1827 3417 1968 3472 dicta
2002 3431 2088 3470 tua
2107 3451 2122 3478 ,
2154 3416 2247 3470 sed
2283 3418 2338 3470 in
2384 3437 2508 3488 par-

434 3492 528 3563 78.
568 3493 754 3548 Amat-'e
783 3497 977 3564 facitis,
1022 3497 1128 3550 Seu
1173 3509 1382 3552 Constet
1469 3515 1580 3553 cos.
1607 3491 2176 3566 Borm-Bem'gnitas,
2209 3489 2244 3548 i.
2275 3516 2319 3550 e.
2345 3498 2509 3548 bene-

352 3590 459 3626 una
499 3593 659 3641 voce,
696 3587 756 3628 ut
815 3570 1008 3630 Bothio
1050 3579 1252 3648 placet,
1286 3589 1381 3631 seu
1468 3579 1589 3632 ficia
1618 3588 1670 3630 et
1705 3580 2010 3630 liberalitas.
2051 3571 2276 3628 Livius:
2323 3601 2344 3623 α
2376 3577 2511 3630 Prae-

350 3650 557 3707 duabus
574 3655 950 3726 distinguatur,
978 3669 1035 3710 ut
1067 3659 1227 3728 vulgo
1252 3671 1381 3730 pro·-
1467 3659 1550 3712 ἀεὶ
1592 3669 1704 3711 erat
1745 3659 1982 3728 largitor,
2023 3667 2076 3710 et
2124 3649 2509 3726 benignitatem

352 3734 550 3799 ferunt,
572 3733 714 3788 idem
742 3731 843 3789 erit
862 3749 1041 3790 sensus
1062 3739 1383 3791 amaritudine
1468 3751 1566 3810 per
1589 3755 1642 3791 se
1661 3752 1862 3810 gratam
1885 3729 2136 3791 comitate
2155 3735 2440 3806 adjuvabat
2459 3761 2480 3782 ι·
2497 3777 2512 3790 .

353 3812 563 3883 afficere.
594 3815 817 3869 Bothius
846 3817 1069 3871 scribit!
1110 3817 1253 3870 corde
1470 3813 1723 3888 Benignus
1758 3818 1901 3871 idem
1939 3819 2076 3869 valet
2117 3815 2266 3888 quo‘d
2299 3815 2475 3887 largus
2496 3857 2512 3881 ,

354 3900 582 3950 amantis.
634 3898 865 3968 Vulgata
919 3917 1027 3950 non
1094 3897 1324 3951 offendit
1365 3919 1378 3950 t
1472 3899 1740 3963 liberalis,
1799 3897 2090 3952 munificus
2137 3915 2150 3948 ε
2205 3906 2258 3948 et
2312 3895 2511 3949 dicitur

354 3975 708 4029 amaritudine
738 3975 951 4030 afficitis
992 3981 1225 4032 {amantes
1252 3977 1385 4032 κατὰ
1474 3979 1696 4050 proprie
1739 3977 1806 4031 de
1851 3989 1916 4031 eo
1958 3979 2046 4048 qui
2085 3969 2220 4028 bonis
2261 3985 2312 4028 et
2346 3977 2512 4046 dignis

357 4053 537 4108 corda.
588 4048 743 4109 Haud
798 4048 963 4111 semel
1014 4056 1389 4129 paronomasia
1474 4059 1703 4136 largitur
1743 4078 1758 4110 t
1804 4049 2075 4111 interdum
2125 4057 2286 4110 etiam
2337 4067 2515 4110 tamen

358 4135 447 4186 tali
477 4135 691 4189 Plautus
711 4139 839 4190 lusit
860 4139 915 4190 in
939 4139 1091 4192 Trin.
1114 4139 1189 4204 II,
1216 4157 1266 4205 ι,
1294 4148 1388 4209 2‘7,
1480 4139 1572 4210 qui
1601 4137 1833 4208 indignis.
1862 4135 2046 4192 Lmn.

367 4236 388 4261 ι
412 4225 560 4268 amor
588 4224 765 4271 amara
795 4217 886 4273 dat
916 4245 965 4272 ι.
990 4213 1057 4272 N.
1567 4219 1660 4273 81.
1684 4208 1804 4288 ‘Qm'
1841 4231 1946 4272 cum
1995 4209 2169 4274 Geniis
2205 4215 2508 4286 belligerant.
