<?xml version="1.0" encoding="UTF-8"?>
<!DOCTYPE html PUBLIC "-//W3C//DTD XHTML 1.0 Transitional//EN"
    "http://www.w3.org/TR/xhtml1/DTD/xhtml1-transitional.dtd">
<html xmlns="http://www.w3.org/1999/xhtml" xml:lang="en" lang="en">
 <head>
  <title>
</title>
<meta http-equiv="Content-Type" content="text/html;charset=utf-8" />
  <meta name='ocr-system' content='tesseract 3.04.00' />
  <meta name='ocr-capabilities' content='ocr_page ocr_carea ocr_par ocr_line ocrx_word'/>
</head>
<body>
  <div class='ocr_page' id='page_1' title='image "./macciiplauticom00naudgoog_0088.png"; bbox 0 0 3067 5017; ppageno 0'>
   <div class='ocr_carea' id='block_1_1' title="bbox 620 422 711 518">
    <p class='ocr_par' dir='ltr' id='par_1_1' title="bbox 620 422 711 518">
     <span class='ocr_line' id='line_1_1' title="bbox 620 422 711 518; baseline 0 -27"><span class='ocrx_word' id='word_1_1' title='bbox 620 422 711 518; x_wconf 86' lang='lat'><strong>78</strong></span> 
     </span>
    </p>
   </div>
   <div class='ocr_carea' id='block_1_2' title="bbox 1398 415 1989 498">
    <p class='ocr_par' dir='ltr' id='par_1_2' title="bbox 1398 415 1989 498">
     <span class='ocr_line' id='line_1_2' title="bbox 1398 415 1989 498; baseline -0.005 -15"><span class='ocrx_word' id='word_1_2' title='bbox 1398 415 1989 498; x_wconf 75' lang='lat' dir='ltr'><strong>POENULUS‚</strong></span> 
     </span>
    </p>
   </div>
   <div class='ocr_carea' id='block_1_3' title="bbox 619 537 2773 619">
    <p class='ocr_par' dir='ltr' id='par_1_3' title="bbox 619 537 2773 619">
     <span class='ocr_line' id='line_1_3' title="bbox 619 537 2773 619; baseline -0.003 -3"><span class='ocrx_word' id='word_1_3' title='bbox 619 566 876 617; x_wconf 78' lang='grc' dir='ltr'><strong>ΜηΡΗ.</strong></span> <span class='ocrx_word' id='word_1_4' title='bbox 910 561 981 619; x_wconf 69' lang='lat'><strong>(⁸1¹</strong></span> <span class='ocrx_word' id='word_1_5' title='bbox 1003 557 1277 611; x_wconf 65' lang='lat' dir='ltr'><strong>munuum)</strong></span> <span class='ocrx_word' id='word_1_6' title='bbox 1308 539 1486 607; x_wconf 88' lang='lat' dir='ltr'><strong>Audi</strong></span> <span class='ocrx_word' id='word_1_7' title='bbox 1525 554 1600 608; x_wconf 93' lang='lat' dir='ltr'><strong>tu</strong></span> <span class='ocrx_word' id='word_1_8' title='bbox 1643 564 1659 607; x_wconf 74' lang='grc' dir='ltr'>ε</span> <span class='ocrx_word' id='word_1_9' title='bbox 1699 537 1892 606; x_wconf 89' lang='lat' dir='ltr'><strong>rufen</strong></span> <span class='ocrx_word' id='word_1_10' title='bbox 1933 560 2108 606; x_wconf 89' lang='lat' dir='ltr'><strong>nuco</strong></span> <span class='ocrx_word' id='word_1_11' title='bbox 2145 537 2358 605; x_wconf 87' lang='lat' dir='ltr'><strong>istam.</strong></span> <span class='ocrx_word' id='word_1_12' title='bbox 2398 561 2614 608; x_wconf 72' lang='lat' dir='ltr'><strong>Acon.</strong></span> <span class='ocrx_word' id='word_1_13' title='bbox 2661 539 2773 611; x_wconf 86' lang='lat' dir='ltr'><strong>Sic</strong></span> 
     </span>
    </p>
   </div>
   <div class='ocr_carea' id='block_1_4' title="bbox 909 650 1099 736">
    <p class='ocr_par' dir='ltr' id='par_1_4' title="bbox 909 650 1099 736">
     <span class='ocr_line' id='line_1_4' title="bbox 909 650 1099 736; baseline -0.011 -15"><span class='ocrx_word' id='word_1_14' title='bbox 909 650 1065 721; x_wconf 87' lang='lat' dir='ltr'><strong>volo</strong></span> <span class='ocrx_word' id='word_1_15' title='bbox 1080 704 1099 736; x_wconf 92' lang='lat'>‚</span> 
     </span>
    </p>
   </div>
   <div class='ocr_carea' id='block_1_5' title="bbox 614 757 2768 1186">
    <p class='ocr_par' dir='ltr' id='par_1_5' title="bbox 614 757 2049 852">
     <span class='ocr_line' id='line_1_5' title="bbox 614 757 2049 852; baseline -0.007 -17"><span class='ocrx_word' id='word_1_16' title='bbox 614 764 927 837; x_wconf 82' lang='lat' dir='ltr'><strong>Profecto</strong></span> <span class='ocrx_word' id='word_1_17' title='bbox 972 787 1131 830; x_wconf 85' lang='lat' dir='ltr'><strong>vera</strong></span> <span class='ocrx_word' id='word_1_18' title='bbox 1176 775 1419 830; x_wconf 90' lang='lat' dir='ltr'><strong>cuncta</strong></span> <span class='ocrx_word' id='word_1_19' title='bbox 1453 760 1616 828; x_wconf 92' lang='lat' dir='ltr'><strong>huic</strong></span> <span class='ocrx_word' id='word_1_20' title='bbox 1655 757 2049 852; x_wconf 71' lang='lat' dir='ltr'><strong>expedirier,</strong></span> 
     </span>
    </p>

    <p class='ocr_par' dir='ltr' id='par_1_6' title="bbox 617 868 2768 1077">
     <span class='ocr_line' id='line_1_6' title="bbox 618 868 2768 970; baseline -0.003 -24"><span class='ocrx_word' id='word_1_21' title='bbox 618 881 809 970; x_wconf 85' lang='lat' dir='ltr'><strong>Roga</strong></span> <span class='ocrx_word' id='word_1_22' title='bbox 826 928 845 959; x_wconf 91' lang='lat'><strong>,</strong></span> <span class='ocrx_word' id='word_1_23' title='bbox 866 871 1194 965; x_wconf 90' lang='lat' dir='ltr'><strong>numquid</strong></span> <span class='ocrx_word' id='word_1_24' title='bbox 1214 895 1384 965; x_wconf 91' lang='lat' dir='ltr'><strong>opus</strong></span> <span class='ocrx_word' id='word_1_25' title='bbox 1403 870 1532 939; x_wconf 81' lang='lat' dir='ltr'><strong>sit?</strong></span> <span class='ocrx_word' id='word_1_26' title='bbox 1552 894 1802 939; x_wconf 68' lang='lat' dir='ltr'><strong>Minna.</strong></span> <span class='ocrx_word' id='word_1_27' title='bbox 1827 873 1932 937; x_wconf 93' lang='lat' dir='ltr'><strong>Tu</strong></span> <span class='ocrx_word' id='word_1_28' title='bbox 1963 868 2078 961; x_wconf 90' lang='lat' dir='ltr'><strong>qui</strong></span> <span class='ocrx_word' id='word_1_29' title='bbox 2115 892 2351 937; x_wconf 89' lang='lat' dir='ltr'><strong>zonam</strong></span> <span class='ocrx_word' id='word_1_30' title='bbox 2374 893 2513 936; x_wconf 90' lang='lat' dir='ltr'><strong>non</strong></span> <span class='ocrx_word' id='word_1_31' title='bbox 2537 868 2768 957; x_wconf 78' lang='lat' dir='ltr'><strong>habes,</strong></span> 
     </span>
     <span class='ocr_line' id='line_1_7' title="bbox 617 978 2480 1077; baseline -0.003 -23"><span class='ocrx_word' id='word_1_32' title='bbox 617 986 805 1077; x_wconf 89' lang='lat' dir='ltr'><strong>Quid</strong></span> <span class='ocrx_word' id='word_1_33' title='bbox 836 986 903 1053; x_wconf 94' lang='lat' dir='ltr'><strong>in</strong></span> <span class='ocrx_word' id='word_1_34' title='bbox 936 984 1113 1052; x_wconf 86' lang='lat' dir='ltr'><strong>hanc</strong></span> <span class='ocrx_word' id='word_1_35' title='bbox 1144 982 1419 1051; x_wconf 84' lang='lat' dir='ltr'><strong>venistis</strong></span> <span class='ocrx_word' id='word_1_36' title='bbox 1454 980 1691 1050; x_wconf 88' lang='lat' dir='ltr'><strong>urbem</strong></span> <span class='ocrx_word' id='word_1_37' title='bbox 1713 1034 1732 1066; x_wconf 91' lang='lat'>‚</span> <span class='ocrx_word' id='word_1_38' title='bbox 1771 994 1890 1047; x_wconf 90' lang='lat' dir='ltr'><strong>aut</strong></span> <span class='ocrx_word' id='word_1_39' title='bbox 1927 978 2092 1072; x_wconf 93' lang='lat' dir='ltr'><strong>quid</strong></span> <span class='ocrx_word' id='word_1_40' title='bbox 2128 980 2480 1072; x_wconf 67' lang='lat' dir='ltr'><strong>quaeritis?</strong></span> 
     </span>
    </p>

    <p class='ocr_par' dir='ltr' id='par_1_7' title="bbox 616 1084 2767 1186">
     <span class='ocr_line' id='line_1_8' title="bbox 616 1084 2767 1186; baseline -0.003 -21"><span class='ocrx_word' id='word_1_41' title='bbox 616 1120 793 1165; x_wconf 73' lang='grc' dir='ltr'><strong>ΗΑΝ.</strong></span> <span class='ocrx_word' id='word_1_42' title='bbox 838 1092 1237 1186; x_wconf 87' lang='lat' dir='ltr'><strong>Muphursa.</strong></span> <span class='ocrx_word' id='word_1_43' title='bbox 1299 1114 1512 1161; x_wconf 72' lang='lat' dir='ltr'><strong>Acon.</strong></span> <span class='ocrx_word' id='word_1_44' title='bbox 1564 1090 1751 1179; x_wconf 87' lang='lat' dir='ltr'>Quid</span> <span class='ocrx_word' id='word_1_45' title='bbox 1787 1089 1926 1157; x_wconf 81' lang='lat' dir='ltr'><strong>ait?</strong></span> <span class='ocrx_word' id='word_1_46' title='bbox 1977 1112 2150 1158; x_wconf 74' lang='lat' dir='ltr'><strong>BAN.</strong></span> <span class='ocrx_word' id='word_1_47' title='bbox 2193 1084 2767 1159; x_wconf 81' lang='lat' dir='ltr'><strong>Miuulechianna.</strong></span> 
     </span>
    </p>
   </div>
   <div class='ocr_carea' id='block_1_6' title="bbox 909 1199 1643 1291">
    <p class='ocr_par' dir='ltr' id='par_1_8' title="bbox 909 1199 1643 1291">
     <span class='ocr_line' id='line_1_9' title="bbox 909 1199 1643 1291; baseline -0.008 -18"><span class='ocrx_word' id='word_1_48' title='bbox 909 1227 1128 1275; x_wconf 71' lang='lat' dir='ltr'><strong>Acon.</strong></span> <span class='ocrx_word' id='word_1_49' title='bbox 1177 1199 1369 1291; x_wconf 88' lang='lat' dir='ltr'><strong>Quid</strong></span> <span class='ocrx_word' id='word_1_50' title='bbox 1412 1199 1643 1268; x_wconf 83' lang='lat' dir='ltr'><strong>venit?</strong></span> 
     </span>
    </p>
   </div>
   <div class='ocr_carea' id='block_1_7' title="bbox 2715 1224 2770 1263">
    <p class='ocr_par' dir='ltr' id='par_1_9' title="bbox 2715 1224 2770 1263">
     <span class='ocr_line' id='line_1_10' title="bbox 2715 1224 2770 1263; baseline -0.018 0"><span class='ocrx_word' id='word_1_51' title='bbox 2715 1224 2770 1263; x_wconf 78' lang='lat'><strong>50</strong></span> 
     </span>
    </p>
   </div>
   <div class='ocr_carea' id='block_1_8' title="bbox 609 1308 2771 1948">
    <p class='ocr_par' dir='ltr' id='par_1_10' title="bbox 617 1308 2358 1403">
     <span class='ocr_line' id='line_1_11' title="bbox 617 1308 2358 1403; baseline -0.006 -14"><span class='ocrx_word' id='word_1_52' title='bbox 617 1341 871 1389; x_wconf 66' lang='lat' dir='ltr'><strong>mmm.</strong></span> <span class='ocrx_word' id='word_1_53' title='bbox 909 1319 1066 1385; x_wconf 90' lang='lat' dir='ltr'><strong>Non</strong></span> <span class='ocrx_word' id='word_1_54' title='bbox 1110 1314 1343 1382; x_wconf 82' lang='lat' dir='ltr'><strong>audis?</strong></span> <span class='ocrx_word' id='word_1_55' title='bbox 1382 1336 1608 1380; x_wconf 91' lang='lat' dir='ltr'><strong>mures</strong></span> <span class='ocrx_word' id='word_1_56' title='bbox 1642 1309 1996 1379; x_wconf 88' lang='lat' dir='ltr'><strong>Africanos</strong></span> <span class='ocrx_word' id='word_1_57' title='bbox 2037 1308 2358 1403; x_wconf 83' lang='lat' dir='ltr'><strong>praedicat</strong></span> 
     </span>
    </p>

    <p class='ocr_par' dir='ltr' id='par_1_11' title="bbox 615 1417 2151 1521">
     <span class='ocr_line' id='line_1_12' title="bbox 615 1417 2151 1521; baseline -0.006 -24"><span class='ocrx_word' id='word_1_58' title='bbox 615 1432 697 1498; x_wconf 89' lang='lat' dir='ltr'><strong>In</strong></span> <span class='ocrx_word' id='word_1_59' title='bbox 745 1451 1059 1521; x_wconf 86' lang='lat' dir='ltr'>pompam</span> <span class='ocrx_word' id='word_1_60' title='bbox 1099 1423 1277 1492; x_wconf 90' lang='lat' dir='ltr'><strong>ludis</strong></span> <span class='ocrx_word' id='word_1_61' title='bbox 1317 1421 1476 1491; x_wconf 87' lang='lat' dir='ltr'><strong>dare</strong></span> <span class='ocrx_word' id='word_1_62' title='bbox 1515 1446 1584 1490; x_wconf 91' lang='lat' dir='ltr'><strong>se</strong></span> <span class='ocrx_word' id='word_1_63' title='bbox 1621 1418 1786 1489; x_wconf 86' lang='lat' dir='ltr'><strong>velle</strong></span> <span class='ocrx_word' id='word_1_64' title='bbox 1829 1417 2151 1488; x_wconf 79' lang='lat' dir='ltr'><strong>aedilibus.</strong></span> 
     </span>
    </p>

    <p class='ocr_par' dir='ltr' id='par_1_12' title="bbox 609 1529 2771 1737">
     <span class='ocr_line' id='line_1_13' title="bbox 613 1529 2771 1619; baseline -0.003 -10"><span class='ocrx_word' id='word_1_65' title='bbox 613 1564 785 1609; x_wconf 74' lang='lat' dir='ltr'><strong>HAN.</strong></span> <span class='ocrx_word' id='word_1_66' title='bbox 814 1536 1009 1607; x_wconf 86' lang='lat' dir='ltr'><strong>Laech</strong></span> <span class='ocrx_word' id='word_1_67' title='bbox 1037 1533 1459 1603; x_wconf 88' lang='lat' dir='ltr'><strong>lachananim</strong></span> <span class='ocrx_word' id='word_1_68' title='bbox 1491 1532 1636 1599; x_wconf 89' lang='lat' dir='ltr'><strong>limi</strong></span> <span class='ocrx_word' id='word_1_69' title='bbox 1663 1532 1916 1599; x_wconf 88' lang='lat' dir='ltr'><strong>nichot.</strong></span> <span class='ocrx_word' id='word_1_70' title='bbox 1952 1554 2166 1601; x_wconf 76' lang='lat' dir='ltr'><strong>Acon.</strong></span> <span class='ocrx_word' id='word_1_71' title='bbox 2193 1529 2381 1619; x_wconf 87' lang='lat' dir='ltr'><strong>Quid</strong></span> <span class='ocrx_word' id='word_1_72' title='bbox 2411 1556 2596 1601; x_wconf 88' lang='lat' dir='ltr'><strong>nunc</strong></span> <span class='ocrx_word' id='word_1_73' title='bbox 2624 1532 2771 1603; x_wconf 86' lang='lat' dir='ltr'><strong>ait?</strong></span> 
     </span>
     <span class='ocr_line' id='line_1_14' title="bbox 609 1640 2498 1737; baseline -0.003 -23"><span class='ocrx_word' id='word_1_74' title='bbox 609 1668 859 1715; x_wconf 77' lang='lat' dir='ltr'><strong>MILPH.</strong></span> <span class='ocrx_word' id='word_1_75' title='bbox 898 1640 1173 1737; x_wconf 86' lang='lat' dir='ltr'><strong>Ligulas</strong></span> <span class='ocrx_word' id='word_1_76' title='bbox 1210 1640 1497 1710; x_wconf 87' lang='lat' dir='ltr'><strong>canaleis</strong></span> <span class='ocrx_word' id='word_1_77' title='bbox 1530 1642 1624 1708; x_wconf 88' lang='lat' dir='ltr'><strong>ait</strong></span> <span class='ocrx_word' id='word_1_78' title='bbox 1655 1666 1722 1708; x_wconf 90' lang='lat' dir='ltr'><strong>se</strong></span> <span class='ocrx_word' id='word_1_79' title='bbox 1759 1640 2101 1709; x_wconf 83' lang='lat' dir='ltr'><strong>advexisse</strong></span> <span class='ocrx_word' id='word_1_80' title='bbox 2138 1655 2203 1708; x_wconf 91' lang='lat' dir='ltr'><strong>et</strong></span> <span class='ocrx_word' id='word_1_81' title='bbox 2244 1664 2448 1709; x_wconf 90' lang='lat' dir='ltr'><strong>nuces</strong></span> <span class='ocrx_word' id='word_1_82' title='bbox 2482 1667 2498 1708; x_wconf 90' lang='lat'>:</span> 
     </span>
    </p>

    <p class='ocr_par' dir='ltr' id='par_1_13' title="bbox 610 1751 2768 1948">
     <span class='ocr_line' id='line_1_15' title="bbox 610 1751 2768 1857; baseline -0.004 -31"><span class='ocrx_word' id='word_1_83' title='bbox 610 1758 814 1827; x_wconf 89' lang='lat' dir='ltr'><strong>Nunc</strong></span> <span class='ocrx_word' id='word_1_84' title='bbox 851 1768 1349 1857; x_wconf 55' lang='lat' dir='ltr'><strong>orat‚·operam</strong></span> <span class='ocrx_word' id='word_1_85' title='bbox 1392 1765 1465 1820; x_wconf 89' lang='lat' dir='ltr'><strong>ut</strong></span> <span class='ocrx_word' id='word_1_86' title='bbox 1507 1752 1621 1819; x_wconf 92' lang='lat' dir='ltr'><strong>des</strong></span> <span class='ocrx_word' id='word_1_87' title='bbox 1658 1751 1828 1837; x_wconf 89' lang='lat' dir='ltr'><strong>sibi,</strong></span> <span class='ocrx_word' id='word_1_88' title='bbox 1869 1764 1943 1819; x_wconf 88' lang='lat' dir='ltr'><strong>ut</strong></span> <span class='ocrx_word' id='word_1_89' title='bbox 1983 1775 2061 1819; x_wconf 87' lang='lat' dir='ltr'><strong>ea</strong></span> <span class='ocrx_word' id='word_1_90' title='bbox 2099 1768 2402 1820; x_wconf 85' lang='lat' dir='ltr'><strong>veneant.</strong></span> <span class='ocrx_word' id='word_1_91' title='bbox 2716 1776 2768 1817; x_wconf 79' lang='lat' dir='ltr'><strong>ss</strong></span> 
     </span>
     <span class='ocr_line' id='line_1_16' title="bbox 620 1861 2768 1948; baseline -0.003 -12"><span class='ocrx_word' id='word_1_92' title='bbox 620 1890 844 1935; x_wconf 72' lang='lat' dir='ltr'><strong>Acon.</strong></span> <span class='ocrx_word' id='word_1_93' title='bbox 896 1868 1259 1947; x_wconf 82' lang='lat' dir='ltr'>Mercator,</span> <span class='ocrx_word' id='word_1_94' title='bbox 1297 1861 1518 1948; x_wconf 91' lang='lat' dir='ltr'><strong>cred0,</strong></span> <span class='ocrx_word' id='word_1_95' title='bbox 1558 1875 1676 1931; x_wconf 89' lang='lat' dir='ltr'><strong>est.</strong></span> <span class='ocrx_word' id='word_1_96' title='bbox 1729 1884 1909 1931; x_wconf 77' lang='grc' dir='ltr'><strong>ΗΑΝ.</strong></span> <span class='ocrx_word' id='word_1_97' title='bbox 1949 1863 2128 1929; x_wconf 85' lang='lat' dir='ltr'><strong>Isam</strong></span> <span class='ocrx_word' id='word_1_98' title='bbox 2165 1862 2495 1929; x_wconf 89' lang='lat' dir='ltr'><strong>aruinam.</strong></span> <span class='ocrx_word' id='word_1_99' title='bbox 2553 1886 2768 1931; x_wconf 65' lang='lat' dir='ltr'><strong>AGOR.</strong></span> 
     </span>
    </p>
   </div>
   <div class='ocr_carea' id='block_1_9' title="bbox 913 1970 1280 2060">
    <p class='ocr_par' dir='ltr' id='par_1_14' title="bbox 913 1970 1280 2060">
     <span class='ocr_line' id='line_1_17' title="bbox 913 1970 1280 2060; baseline 0 -21"><span class='ocrx_word' id='word_1_100' title='bbox 913 1971 1097 2060; x_wconf 87' lang='lat' dir='ltr'><strong>Quid</strong></span> <span class='ocrx_word' id='word_1_101' title='bbox 1137 1970 1280 2039; x_wconf 80' lang='lat' dir='ltr'><strong>est?</strong></span> 
     </span>
    </p>
   </div>
   <div class='ocr_carea' id='block_1_10' title="bbox 610 2080 2742 2287">
    <p class='ocr_par' dir='ltr' id='par_1_15' title="bbox 610 2080 2742 2287">
     <span class='ocr_line' id='line_1_18' title="bbox 614 2080 2742 2176; baseline -0.003 -21"><span class='ocrx_word' id='word_1_102' title='bbox 614 2110 784 2155; x_wconf 74' lang='lat' dir='ltr'><strong>HAN.</strong></span> <span class='ocrx_word' id='word_1_103' title='bbox 827 2082 1061 2153; x_wconf 86' lang='lat' dir='ltr'><strong>Palum</strong></span> <span class='ocrx_word' id='word_1_104' title='bbox 1100 2106 1259 2176; x_wconf 85' lang='lat' dir='ltr'><strong>erga</strong></span> <span class='ocrx_word' id='word_1_105' title='bbox 1288 2080 1549 2149; x_wconf 86' lang='lat' dir='ltr'><strong>deotha.</strong></span> <span class='ocrx_word' id='word_1_106' title='bbox 1591 2106 1806 2151; x_wconf 70' lang='lat' dir='ltr'><strong>Acon.</strong></span> <span class='ocrx_word' id='word_1_107' title='bbox 1837 2080 2158 2176; x_wconf 89' lang='lat' dir='ltr'><strong>Milphio,</strong></span> <span class='ocrx_word' id='word_1_108' title='bbox 2196 2083 2359 2176; x_wconf 88' lang='lat' dir='ltr'><strong>quid</strong></span> <span class='ocrx_word' id='word_1_109' title='bbox 2389 2108 2570 2151; x_wconf 87' lang='lat' dir='ltr'><strong>nunc</strong></span> <span class='ocrx_word' id='word_1_110' title='bbox 2603 2081 2742 2151; x_wconf 73' lang='lat' dir='ltr'><strong>ait?</strong></span> 
     </span>
     <span class='ocr_line' id='line_1_19' title="bbox 610 2192 2563 2287; baseline -0.002 -22"><span class='ocrx_word' id='word_1_111' title='bbox 610 2219 865 2265; x_wconf 83' lang='lat' dir='ltr'><strong>M1LPH.</strong></span> <span class='ocrx_word' id='word_1_112' title='bbox 906 2192 1102 2262; x_wconf 86' lang='lat' dir='ltr'><strong>Palas</strong></span> <span class='ocrx_word' id='word_1_113' title='bbox 1146 2192 1540 2261; x_wconf 82' lang='lat' dir='ltr'><strong>vendundas</strong></span> <span class='ocrx_word' id='word_1_114' title='bbox 1580 2193 1706 2261; x_wconf 87' lang='lat' dir='ltr'><strong>sibi</strong></span> <span class='ocrx_word' id='word_1_115' title='bbox 1745 2193 1874 2279; x_wconf 86' lang='lat' dir='ltr'><strong>ait,</strong></span> <span class='ocrx_word' id='word_1_116' title='bbox 1921 2208 1989 2261; x_wconf 92' lang='lat' dir='ltr'><strong>et</strong></span> <span class='ocrx_word' id='word_1_117' title='bbox 2033 2218 2294 2287; x_wconf 86' lang='lat' dir='ltr'><strong>mergas</strong></span> <span class='ocrx_word' id='word_1_118' title='bbox 2333 2194 2563 2279; x_wconf 80' lang='lat' dir='ltr'><strong>dataS,</strong></span> 
     </span>
    </p>
   </div>
   <div class='ocr_carea' id='block_1_11' title="bbox 610 2326 1650 3019">
    <p class='ocr_par' dir='ltr' id='par_1_16' title="bbox 610 2326 1650 3019">
     <span class='ocr_line' id='line_1_20' title="bbox 702 2326 1648 2397; baseline -0.006 -15"><span class='ocrx_word' id='word_1_119' title='bbox 702 2332 794 2393; x_wconf 78' lang='grc'><strong>48.</strong></span> <span class='ocrx_word' id='word_1_120' title='bbox 824 2329 931 2397; x_wconf 75' lang='lat' dir='ltr'><strong>Qui</strong></span> <span class='ocrx_word' id='word_1_121' title='bbox 948 2346 1122 2378; x_wconf 86' lang='lat' dir='ltr'><strong>zonam</strong></span> <span class='ocrx_word' id='word_1_122' title='bbox 1145 2346 1240 2377; x_wconf 84' lang='lat' dir='ltr'><strong>non</strong></span> <span class='ocrx_word' id='word_1_123' title='bbox 1259 2326 1422 2378; x_wconf 79' lang='lat' dir='ltr'><strong>habes.</strong></span> <span class='ocrx_word' id='word_1_124' title='bbox 1446 2326 1501 2377; x_wconf 95' lang='lat' dir='ltr'><em>Z</em></span> <span class='ocrx_word' id='word_1_125' title='bbox 1503 2345 1648 2377; x_wconf 81' lang='lat' dir='ltr'><strong>onam</strong></span> 
     </span>
     <span class='ocr_line' id='line_1_21' title="bbox 610 2406 1646 2478; baseline -0.003 -18"><span class='ocrx_word' id='word_1_126' title='bbox 610 2408 855 2478; x_wconf 79' lang='lat' dir='ltr'><strong>perdidit,</strong></span> <span class='ocrx_word' id='word_1_127' title='bbox 905 2419 1168 2461; x_wconf 81' lang='lat' dir='ltr'><strong>castrense</strong></span> <span class='ocrx_word' id='word_1_128' title='bbox 1206 2406 1560 2459; x_wconf 86' lang='lat' dir='ltr'><strong>Proverbium</strong></span> <span class='ocrx_word' id='word_1_129' title='bbox 1591 2408 1646 2457; x_wconf 87' lang='lat' dir='ltr'><strong>in</strong></span> 
     </span>
     <span class='ocr_line' id='line_1_22' title="bbox 616 2487 1645 2559; baseline -0.004 -18"><span class='ocrx_word' id='word_1_130' title='bbox 616 2488 949 2559; x_wconf 72' lang='grc' dir='ltr'><strong>ἀχρημάτους.</strong></span> <span class='ocrx_word' id='word_1_131' title='bbox 993 2488 1178 2539; x_wconf 83' lang='lat' dir='ltr'><strong>Horat.</strong></span> <span class='ocrx_word' id='word_1_132' title='bbox 1223 2512 1244 2533; x_wconf 75' lang='grc' dir='ltr'><strong>α</strong></span> <span class='ocrx_word' id='word_1_133' title='bbox 1268 2487 1378 2537; x_wconf 82' lang='lat' dir='ltr'><strong>Ibit</strong></span> <span class='ocrx_word' id='word_1_134' title='bbox 1408 2504 1471 2538; x_wconf 93' lang='lat' dir='ltr'><strong>eo</strong></span> <span class='ocrx_word' id='word_1_135' title='bbox 1490 2523 1505 2551; x_wconf 88' lang='lat'><strong>,</strong></span> <span class='ocrx_word' id='word_1_136' title='bbox 1535 2504 1645 2557; x_wconf 87' lang='lat' dir='ltr'><strong>quo</strong></span> 
     </span>
     <span class='ocr_line' id='line_1_23' title="bbox 614 2564 1646 2638; baseline -0.001 -21"><span class='ocrx_word' id='word_1_137' title='bbox 614 2568 723 2630; x_wconf 82' lang='lat' dir='ltr'><strong>vis,</strong></span> <span class='ocrx_word' id='word_1_138' title='bbox 754 2568 844 2638; x_wconf 91' lang='lat' dir='ltr'><strong>qui</strong></span> <span class='ocrx_word' id='word_1_139' title='bbox 876 2585 1065 2619; x_wconf 70' lang='lat' dir='ltr'><strong>mnam</strong></span> <span class='ocrx_word' id='word_1_140' title='bbox 1100 2564 1338 2637; x_wconf 85' lang='lat' dir='ltr'><strong>perdidit</strong></span> <span class='ocrx_word' id='word_1_141' title='bbox 1357 2565 1411 2617; x_wconf 85' lang='lat'><strong>-.‘</strong></span> <span class='ocrx_word' id='word_1_142' title='bbox 1454 2564 1561 2617; x_wconf 86' lang='lat' dir='ltr'><strong>Sed</strong></span> <span class='ocrx_word' id='word_1_143' title='bbox 1589 2566 1646 2617; x_wconf 87' lang='lat' dir='ltr'><strong>in</strong></span> 
     </span>
     <span class='ocr_line' id='line_1_24' title="bbox 616 2644 1650 2715; baseline -0.002 -16"><span class='ocrx_word' id='word_1_144' title='bbox 616 2648 700 2705; x_wconf 89' lang='lat' dir='ltr'><strong>his</strong></span> <span class='ocrx_word' id='word_1_145' title='bbox 745 2647 923 2699; x_wconf 77' lang='lat' dir='ltr'><strong>Plauti</strong></span> <span class='ocrx_word' id='word_1_146' title='bbox 959 2647 1131 2699; x_wconf 87' lang='lat' dir='ltr'><strong>verbis</strong></span> <span class='ocrx_word' id='word_1_147' title='bbox 1174 2644 1377 2715; x_wconf 84' lang='lat' dir='ltr'><strong>duplex</strong></span> <span class='ocrx_word' id='word_1_148' title='bbox 1406 2656 1483 2697; x_wconf 87' lang='lat' dir='ltr'><strong>est</strong></span> <span class='ocrx_word' id='word_1_149' title='bbox 1512 2645 1650 2697; x_wconf 82' lang='lat' dir='ltr'><strong>allu-</strong></span> 
     </span>
     <span class='ocr_line' id='line_1_25' title="bbox 614 2726 1648 2779; baseline -0.002 0"><span class='ocrx_word' id='word_1_150' title='bbox 614 2729 693 2779; x_wconf 86' lang='lat' dir='ltr'><strong>sio</strong></span> <span class='ocrx_word' id='word_1_151' title='bbox 718 2748 731 2777; x_wconf 87' lang='lat'>:</span> <span class='ocrx_word' id='word_1_152' title='bbox 765 2740 819 2779; x_wconf 88' lang='lat' dir='ltr'><strong>et</strong></span> <span class='ocrx_word' id='word_1_153' title='bbox 846 2726 912 2779; x_wconf 86' lang='lat' dir='ltr'><strong>ad</strong></span> <span class='ocrx_word' id='word_1_154' title='bbox 944 2739 1142 2779; x_wconf 88' lang='lat' dir='ltr'><strong>vestem</strong></span> <span class='ocrx_word' id='word_1_155' title='bbox 1170 2726 1459 2778; x_wconf 84' lang='lat' dir='ltr'><strong>Poenorum</strong></span> <span class='ocrx_word' id='word_1_156' title='bbox 1494 2744 1648 2777; x_wconf 88' lang='lat' dir='ltr'><strong>more</strong></span> 
     </span>
     <span class='ocr_line' id='line_1_26' title="bbox 612 2804 1648 2877; baseline -0.002 -18"><span class='ocrx_word' id='word_1_157' title='bbox 612 2806 950 2868; x_wconf 86' lang='lat' dir='ltr'><strong>distinctam,</strong></span> <span class='ocrx_word' id='word_1_158' title='bbox 986 2819 1038 2858; x_wconf 90' lang='lat' dir='ltr'><strong>et</strong></span> <span class='ocrx_word' id='word_1_159' title='bbox 1070 2804 1139 2857; x_wconf 89' lang='lat' dir='ltr'><strong>ad</strong></span> <span class='ocrx_word' id='word_1_160' title='bbox 1172 2805 1491 2875; x_wconf 83' lang='lat' dir='ltr'><strong>pecuniam,</strong></span> <span class='ocrx_word' id='word_1_161' title='bbox 1528 2824 1648 2877; x_wconf 82' lang='lat' dir='ltr'><strong>quae</strong></span> 
     </span>
     <span class='ocr_line' id='line_1_27' title="bbox 612 2884 1646 2956; baseline -0.004 -17"><span class='ocrx_word' id='word_1_162' title='bbox 612 2886 670 2939; x_wconf 88' lang='lat' dir='ltr'><strong>in</strong></span> <span class='ocrx_word' id='word_1_163' title='bbox 709 2906 840 2939; x_wconf 86' lang='lat' dir='ltr'><strong>zona</strong></span> <span class='ocrx_word' id='word_1_164' title='bbox 892 2897 1161 2956; x_wconf 81' lang='lat' dir='ltr'><strong>gestatur,</strong></span> <span class='ocrx_word' id='word_1_165' title='bbox 1208 2886 1342 2938; x_wconf 84' lang='lat' dir='ltr'><strong>citra</strong></span> <span class='ocrx_word' id='word_1_166' title='bbox 1385 2902 1547 2954; x_wconf 87' lang='lat' dir='ltr'><strong>quam</strong></span> <span class='ocrx_word' id='word_1_167' title='bbox 1590 2884 1646 2936; x_wconf 87' lang='lat' dir='ltr'><strong>in</strong></span> 
     </span>
     <span class='ocr_line' id='line_1_28' title="bbox 610 2962 1646 3019; baseline -0.002 0"><span class='ocrx_word' id='word_1_168' title='bbox 610 2967 749 3019; x_wconf 82' lang='lat' dir='ltr'><strong>urbe</strong></span> <span class='ocrx_word' id='word_1_169' title='bbox 784 2979 1056 3019; x_wconf 73' lang='lat' dir='ltr'><strong>sumtuosa</strong></span> <span class='ocrx_word' id='word_1_170' title='bbox 1094 2984 1208 3017; x_wconf 86' lang='lat' dir='ltr'><strong>non</strong></span> <span class='ocrx_word' id='word_1_171' title='bbox 1242 2977 1321 3017; x_wconf 86' lang='lat' dir='ltr'><strong>sat</strong></span> <span class='ocrx_word' id='word_1_172' title='bbox 1360 2962 1646 3018; x_wconf 86' lang='lat' dir='ltr'><strong>commode</strong></span> 
     </span>
    </p>
   </div>
   <div class='ocr_carea' id='block_1_12' title="bbox 618 3046 1642 3190">
    <p class='ocr_par' dir='ltr' id='par_1_17' title="bbox 618 3046 1642 3190">
     <span class='ocr_line' id='line_1_29' title="bbox 618 3046 1082 3098; baseline -0.002 -1"><span class='ocrx_word' id='word_1_173' title='bbox 618 3046 840 3098; x_wconf 80' lang='lat' dir='ltr'><strong>vivitur.</strong></span> <span class='ocrx_word' id='word_1_174' title='bbox 874 3046 1082 3097; x_wconf 61' lang='lat' dir='ltr'><strong>Enssm.</strong></span> 
     </span>
     <span class='ocr_line' id='line_1_30' title="bbox 696 3123 1642 3190; baseline -0.002 -13"><span class='ocrx_word' id='word_1_175' title='bbox 696 3123 787 3177; x_wconf 80' lang='lat'><strong>51.</strong></span> <span class='ocrx_word' id='word_1_176' title='bbox 846 3125 1013 3176; x_wconf 75' lang='lat' dir='ltr'><strong>Mures</strong></span> <span class='ocrx_word' id='word_1_177' title='bbox 1064 3123 1351 3190; x_wconf 71' lang='lat' dir='ltr'><strong>Asi-icarios.</strong></span> <span class='ocrx_word' id='word_1_178' title='bbox 1410 3124 1642 3175; x_wconf 81' lang='lat' dir='ltr'><strong>Romani</strong></span> 
     </span>
    </p>
   </div>
   <div class='ocr_carea' id='block_1_13' title="bbox 588 3202 1644 4230">
    <p class='ocr_par' dir='ltr' id='par_1_18' title="bbox 604 3202 1644 3670">
     <span class='ocr_line' id='line_1_31' title="bbox 609 3202 1644 3273; baseline -0.001 -18"><span class='ocrx_word' id='word_1_179' title='bbox 609 3205 692 3255; x_wconf 89' lang='lat' dir='ltr'><strong>illi</strong></span> <span class='ocrx_word' id='word_1_180' title='bbox 715 3217 917 3256; x_wconf 85' lang='lat' dir='ltr'><strong>veteres</strong></span> <span class='ocrx_word' id='word_1_181' title='bbox 942 3202 1317 3273; x_wconf 86' lang='lat' dir='ltr'><strong>simplicesque</strong></span> <span class='ocrx_word' id='word_1_182' title='bbox 1346 3202 1644 3271; x_wconf 75' lang='lat' dir='ltr'><strong>elephantem</strong></span> 
     </span>
     <span class='ocr_line' id='line_1_32' title="bbox 609 3282 1640 3346; baseline 0.001 -11"><span class='ocrx_word' id='word_1_183' title='bbox 609 3298 870 3336; x_wconf 84' lang='lat' dir='ltr'><strong>vocarunt</strong></span> <span class='ocrx_word' id='word_1_184' title='bbox 913 3285 1107 3335; x_wconf 83' lang='lat' dir='ltr'><strong>bovem</strong></span> <span class='ocrx_word' id='word_1_185' title='bbox 1159 3282 1365 3346; x_wconf 77' lang='lat' dir='ltr'><strong>lucam3</strong></span> <span class='ocrx_word' id='word_1_186' title='bbox 1407 3284 1640 3336; x_wconf 73' lang='lat' dir='ltr'><strong>struthio-</strong></span> 
     </span>
     <span class='ocr_line' id='line_1_33' title="bbox 608 3362 1642 3433; baseline -0.002 -18"><span class='ocrx_word' id='word_1_187' title='bbox 608 3384 743 3424; x_wconf 83' lang='lat' dir='ltr'><strong>nem,</strong></span> <span class='ocrx_word' id='word_1_188' title='bbox 792 3381 1059 3433; x_wconf 86' lang='lat' dir='ltr'><strong>passerem</strong></span> <span class='ocrx_word' id='word_1_189' title='bbox 1102 3362 1399 3426; x_wconf 76' lang='lat' dir='ltr'><strong>marinum3</strong></span> <span class='ocrx_word' id='word_1_190' title='bbox 1434 3364 1642 3413; x_wconf 82' lang='lat' dir='ltr'><strong>camelo-</strong></span> 
     </span>
     <span class='ocr_line' id='line_1_34' title="bbox 604 3442 1637 3513; baseline -0.002 -18"><span class='ocrx_word' id='word_1_191' title='bbox 604 3444 880 3513; x_wconf 77' lang='lat' dir='ltr'><strong>pardalim,</strong></span> <span class='ocrx_word' id='word_1_192' title='bbox 912 3459 1067 3494; x_wconf 86' lang='lat' dir='ltr'><strong>ovem</strong></span> <span class='ocrx_word' id='word_1_193' title='bbox 1106 3442 1301 3505; x_wconf 84' lang='lat' dir='ltr'><strong>feram;</strong></span> <span class='ocrx_word' id='word_1_194' title='bbox 1342 3442 1637 3509; x_wconf 78' lang='lat' dir='ltr'><strong>pantheras,</strong></span> 
     </span>
     <span class='ocr_line' id='line_1_35' title="bbox 612 3520 1641 3585; baseline 0 -10"><span class='ocrx_word' id='word_1_195' title='bbox 612 3542 789 3575; x_wconf 86' lang='lat' dir='ltr'><strong>mures</strong></span> <span class='ocrx_word' id='word_1_196' title='bbox 842 3523 1155 3585; x_wconf 74' lang='lat' dir='ltr'><strong>Africanos3</strong></span> <span class='ocrx_word' id='word_1_197' title='bbox 1216 3520 1373 3571; x_wconf 82' lang='lat' dir='ltr'><strong>leones</strong></span> <span class='ocrx_word' id='word_1_198' title='bbox 1393 3560 1407 3582; x_wconf 88' lang='lat'><strong>,</strong></span> <span class='ocrx_word' id='word_1_199' title='bbox 1488 3538 1641 3575; x_wconf 85' lang='lat' dir='ltr'><strong>ursos</strong></span> 
     </span>
     <span class='ocr_line' id='line_1_36' title="bbox 610 3600 1517 3670; baseline -0.002 -16"><span class='ocrx_word' id='word_1_200' title='bbox 610 3600 928 3654; x_wconf 88' lang='lat' dir='ltr'><strong>Numidicos</strong></span> <span class='ocrx_word' id='word_1_201' title='bbox 954 3603 1064 3654; x_wconf 80' lang='lat' dir='ltr'><strong>sive</strong></span> <span class='ocrx_word' id='word_1_202' title='bbox 1090 3601 1342 3670; x_wconf 87' lang='lat' dir='ltr'><strong>Libycos.</strong></span> <span class='ocrx_word' id='word_1_203' title='bbox 1368 3602 1517 3653; x_wconf 74' lang='lat' dir='ltr'><strong>ers.</strong></span> 
     </span>
    </p>

    <p class='ocr_par' dir='ltr' id='par_1_19' title="bbox 588 3680 1640 4230">
     <span class='ocr_line' id='line_1_37' title="bbox 694 3680 1640 3749; baseline 0 -16"><span class='ocrx_word' id='word_1_204' title='bbox 694 3680 788 3743; x_wconf 75' lang='lat'><strong>54.</strong></span> <span class='ocrx_word' id='word_1_205' title='bbox 815 3682 1019 3749; x_wconf 72' lang='lat' dir='ltr'><strong>Ligulas</strong></span> <span class='ocrx_word' id='word_1_206' title='bbox 1050 3682 1280 3733; x_wconf 81' lang='lat' dir='ltr'><strong>canaleis.</strong></span> <span class='ocrx_word' id='word_1_207' title='bbox 1314 3680 1419 3733; x_wconf 87' lang='lat' dir='ltr'><strong>Pro</strong></span> <span class='ocrx_word' id='word_1_208' title='bbox 1453 3682 1640 3749; x_wconf 75' lang='lat' dir='ltr'><strong>ligulas</strong></span> 
     </span>
     <span class='ocr_line' id='line_1_38' title="bbox 604 3758 1636 3830; baseline 0.002 -19"><span class='ocrx_word' id='word_1_209' title='bbox 604 3762 799 3811; x_wconf 79' lang='lat' dir='ltr'><strong>canales</strong></span> <span class='ocrx_word' id='word_1_210' title='bbox 834 3760 1105 3814; x_wconf 17' lang='lat' dir='ltr'><strong>non mihi</strong></span> <span class='ocrx_word' id='word_1_211' title='bbox 1139 3758 1512 3830; x_wconf 86' lang='lat' dir='ltr'><strong>reponendum</strong></span> <span class='ocrx_word' id='word_1_212' title='bbox 1553 3762 1636 3813; x_wconf 84' lang='lat' dir='ltr'><strong>vi-</strong></span> 
     </span>
     <span class='ocr_line' id='line_1_39' title="bbox 606 3837 1630 3908; baseline -0.001 -15"><span class='ocrx_word' id='word_1_213' title='bbox 606 3838 769 3893; x_wconf 87' lang='lat' dir='ltr'><strong>detur</strong></span> <span class='ocrx_word' id='word_1_214' title='bbox 816 3842 993 3908; x_wconf 74' lang='lat' dir='ltr'><strong>ligulas</strong></span> <span class='ocrx_word' id='word_1_215' title='bbox 1042 3843 1255 3892; x_wconf 77' lang='lat' dir='ltr'><strong>venales.</strong></span> <span class='ocrx_word' id='word_1_216' title='bbox 1305 3841 1431 3892; x_wconf 88' lang='lat' dir='ltr'><strong>Non</strong></span> <span class='ocrx_word' id='word_1_217' title='bbox 1487 3837 1630 3893; x_wconf 78' lang='lat' dir='ltr'><strong>enim</strong></span> 
     </span>
     <span class='ocr_line' id='line_1_40' title="bbox 602 3918 1634 3991; baseline 0.002 -20"><span class='ocrx_word' id='word_1_218' title='bbox 602 3920 693 3971; x_wconf 85' lang='lat' dir='ltr'><strong>h&#39;c</strong></span> <span class='ocrx_word' id='word_1_219' title='bbox 723 3918 916 3972; x_wconf 75' lang='lat' dir='ltr'><strong>alludit</strong></span> <span class='ocrx_word' id='word_1_220' title='bbox 940 3920 1009 3973; x_wconf 87' lang='lat' dir='ltr'><strong>ad</strong></span> <span class='ocrx_word' id='word_1_221' title='bbox 1042 3921 1240 3973; x_wconf 80' lang='lat' dir='ltr'><strong>Punica</strong></span> <span class='ocrx_word' id='word_1_222' title='bbox 1279 3939 1397 3991; x_wconf 81' lang='lat' dir='ltr'><strong>quae</strong></span> <span class='ocrx_word' id='word_1_223' title='bbox 1438 3921 1634 3973; x_wconf 87' lang='lat' dir='ltr'><strong>Poenu-</strong></span> 
     </span>
     <span class='ocr_line' id='line_1_41' title="bbox 600 3999 1636 4069; baseline 0.002 -20"><span class='ocrx_word' id='word_1_224' title='bbox 600 3999 687 4051; x_wconf 83' lang='lat' dir='ltr'><strong>lus</strong></span> <span class='ocrx_word' id='word_1_225' title='bbox 709 3999 965 4069; x_wconf 88' lang='lat' dir='ltr'><strong>protulit,</strong></span> <span class='ocrx_word' id='word_1_226' title='bbox 1010 4002 1191 4052; x_wconf 72' lang='lat' dir='ltr'><strong>Laleclz</strong></span> <span class='ocrx_word' id='word_1_227' title='bbox 1224 4000 1291 4051; x_wconf 74' lang='lat' dir='ltr'><strong>lib</strong></span> <span class='ocrx_word' id='word_1_228' title='bbox 1324 4001 1546 4052; x_wconf 75' lang='lat' dir='ltr'><strong>cananili</strong></span> <span class='ocrx_word' id='word_1_229' title='bbox 1566 4003 1636 4051; x_wconf 76' lang='lat' dir='ltr'><strong>mi</strong></span> 
     </span>
     <span class='ocr_line' id='line_1_42' title="bbox 588 4079 1634 4150; baseline 0.003 -21"><span class='ocrx_word' id='word_1_230' title='bbox 588 4079 783 4137; x_wconf 67' lang='lat' dir='ltr'><strong>melaac.</strong></span> <span class='ocrx_word' id='word_1_231' title='bbox 820 4080 1013 4132; x_wconf 85' lang='lat' dir='ltr'><strong>Servus</strong></span> <span class='ocrx_word' id='word_1_232' title='bbox 1046 4098 1274 4150; x_wconf 84' lang='lat' dir='ltr'><strong>nequam</strong></span> <span class='ocrx_word' id='word_1_233' title='bbox 1306 4080 1401 4150; x_wconf 88' lang='lat' dir='ltr'><strong>qui</strong></span> <span class='ocrx_word' id='word_1_234' title='bbox 1431 4080 1634 4133; x_wconf 87' lang='lat' dir='ltr'><strong>Punice</strong></span> 
     </span>
     <span class='ocr_line' id='line_1_43' title="bbox 600 4159 1633 4230; baseline 0.003 -20"><span class='ocrx_word' id='word_1_235' title='bbox 600 4159 903 4225; x_wconf 82' lang='lat' dir='ltr'><strong>nesciebat,</strong></span> <span class='ocrx_word' id='word_1_236' title='bbox 952 4160 1220 4230; x_wconf 86' lang='lat' dir='ltr'><strong>loquentis</strong></span> <span class='ocrx_word' id='word_1_237' title='bbox 1268 4160 1421 4212; x_wconf 82' lang='lat' dir='ltr'><strong>Poeni</strong></span> <span class='ocrx_word' id='word_1_238' title='bbox 1466 4161 1633 4213; x_wconf 71' lang='lat' dir='ltr'><strong>verba</strong></span> 
     </span>
    </p>
   </div>
   <div class='ocr_carea' id='block_1_14' title="bbox 1729 2326 2768 3355">
    <p class='ocr_par' dir='ltr' id='par_1_20' title="bbox 1729 2326 2768 3355">
     <span class='ocr_line' id='line_1_44' title="bbox 1735 2326 2768 2397; baseline 0.002 -18"><span class='ocrx_word' id='word_1_239' title='bbox 1735 2344 1796 2379; x_wconf 82' lang='lat' dir='ltr'><strong>ex</strong></span> <span class='ocrx_word' id='word_1_240' title='bbox 1825 2326 1940 2378; x_wconf 87' lang='lat' dir='ltr'><strong>solo</strong></span> <span class='ocrx_word' id='word_1_241' title='bbox 1973 2346 2106 2380; x_wconf 90' lang='lat' dir='ltr'><strong>sono</strong></span> <span class='ocrx_word' id='word_1_242' title='bbox 2136 2326 2536 2397; x_wconf 84' lang='lat' dir='ltr'><strong>interpretatur.</strong></span> <span class='ocrx_word' id='word_1_243' title='bbox 2561 2328 2768 2381; x_wconf 82' lang='lat' dir='ltr'><strong>Distin-</strong></span> 
     </span>
     <span class='ocr_line' id='line_1_45' title="bbox 1733 2404 2764 2479; baseline 0.003 -21"><span class='ocrx_word' id='word_1_244' title='bbox 1733 2404 2006 2477; x_wconf 80' lang='lat' dir='ltr'><strong>guendum</strong></span> <span class='ocrx_word' id='word_1_245' title='bbox 2049 2420 2253 2459; x_wconf 83' lang='lat' dir='ltr'><strong>tantum</strong></span> <span class='ocrx_word' id='word_1_246' title='bbox 2297 2421 2429 2477; x_wconf 89' lang='lat' dir='ltr'><strong>puto</strong></span> <span class='ocrx_word' id='word_1_247' title='bbox 2473 2426 2533 2461; x_wconf 89' lang='lat' dir='ltr'><strong>ac</strong></span> <span class='ocrx_word' id='word_1_248' title='bbox 2585 2409 2764 2479; x_wconf 83' lang='lat' dir='ltr'><strong>legen-</strong></span> 
     </span>
     <span class='ocr_line' id='line_1_46' title="bbox 1734 2485 2768 2556; baseline 0.002 -18"><span class='ocrx_word' id='word_1_249' title='bbox 1734 2485 1864 2538; x_wconf 88' lang='lat' dir='ltr'><strong>dum</strong></span> <span class='ocrx_word' id='word_1_250' title='bbox 1891 2507 1903 2536; x_wconf 73' lang='grc' dir='ltr'><em>ι</em></span> <span class='ocrx_word' id='word_1_251' title='bbox 1945 2512 1966 2533; x_wconf 82' lang='grc' dir='ltr'><strong>ιι</strong></span> <span class='ocrx_word' id='word_1_252' title='bbox 1988 2486 2221 2556; x_wconf 80' lang='lat' dir='ltr'><strong>LigulaS,</strong></span> <span class='ocrx_word' id='word_1_253' title='bbox 2246 2487 2483 2551; x_wconf 87' lang='lat' dir='ltr'><strong>canales,</strong></span> <span class='ocrx_word' id='word_1_254' title='bbox 2512 2489 2585 2540; x_wconf 81' lang='lat' dir='ltr'><strong>ait</strong></span> <span class='ocrx_word' id='word_1_255' title='bbox 2602 2508 2657 2540; x_wconf 90' lang='lat' dir='ltr'><strong>se</strong></span> <span class='ocrx_word' id='word_1_256' title='bbox 2673 2488 2768 2540; x_wconf 87' lang='lat' dir='ltr'><strong>ad-</strong></span> 
     </span>
     <span class='ocr_line' id='line_1_47' title="bbox 1732 2566 2757 2632; baseline 0.002 -15"><span class='ocrx_word' id='word_1_257' title='bbox 1732 2566 1938 2619; x_wconf 85' lang='lat' dir='ltr'><strong>vexisse</strong></span> <span class='ocrx_word' id='word_1_258' title='bbox 1971 2580 2024 2619; x_wconf 89' lang='lat' dir='ltr'><strong>et</strong></span> <span class='ocrx_word' id='word_1_259' title='bbox 2053 2586 2214 2619; x_wconf 87' lang='lat' dir='ltr'><strong>nuces</strong></span> <span class='ocrx_word' id='word_1_260' title='bbox 2239 2592 2285 2619; x_wconf 68' lang='lat' dir='ltr'><strong>n.</strong></span> <span class='ocrx_word' id='word_1_261' title='bbox 2306 2567 2420 2632; x_wconf 88' lang='lat' dir='ltr'><strong>Qui</strong></span> <span class='ocrx_word' id='word_1_262' title='bbox 2447 2581 2573 2620; x_wconf 89' lang='lat' dir='ltr'><strong>sunt</strong></span> <span class='ocrx_word' id='word_1_263' title='bbox 2605 2586 2757 2619; x_wconf 81' lang='lat' dir='ltr'><strong>cana·</strong></span> 
     </span>
     <span class='ocr_line' id='line_1_48' title="bbox 1733 2645 2762 2717; baseline 0.005 -22"><span class='ocrx_word' id='word_1_264' title='bbox 1733 2646 1800 2697; x_wconf 80' lang='lat' dir='ltr'><strong>les</strong></span> <span class='ocrx_word' id='word_1_265' title='bbox 1815 2653 1844 2695; x_wconf 67' lang='grc' dir='ltr'><strong>Ρ</strong></span> <span class='ocrx_word' id='word_1_266' title='bbox 1865 2646 2076 2716; x_wconf 85' lang='lat' dir='ltr'><strong>Nempe</strong></span> <span class='ocrx_word' id='word_1_267' title='bbox 2099 2645 2153 2698; x_wconf 89' lang='lat' dir='ltr'><strong>id</strong></span> <span class='ocrx_word' id='word_1_268' title='bbox 2181 2646 2328 2717; x_wconf 88' lang='lat' dir='ltr'><strong>quod</strong></span> <span class='ocrx_word' id='word_1_269' title='bbox 2359 2648 2550 2701; x_wconf 81' lang='lat' dir='ltr'><strong>Latine</strong></span> <span class='ocrx_word' id='word_1_270' title='bbox 2568 2647 2762 2702; x_wconf 87' lang='lat' dir='ltr'><strong>dicun-</strong></span> 
     </span>
     <span class='ocr_line' id='line_1_49' title="bbox 1734 2725 2763 2798; baseline 0.004 -21"><span class='ocrx_word' id='word_1_271' title='bbox 1734 2737 1838 2777; x_wconf 87' lang='lat' dir='ltr'><strong>tur.</strong></span> <span class='ocrx_word' id='word_1_272' title='bbox 1878 2726 1986 2777; x_wconf 88' lang='lat' dir='ltr'><strong>Sed</strong></span> <span class='ocrx_word' id='word_1_273' title='bbox 2020 2725 2308 2778; x_wconf 88' lang='lat' dir='ltr'><strong>deridiculi</strong></span> <span class='ocrx_word' id='word_1_274' title='bbox 2340 2728 2507 2798; x_wconf 82' lang='lat' dir='ltr'><strong>gratia</strong></span> <span class='ocrx_word' id='word_1_275' title='bbox 2535 2746 2600 2781; x_wconf 82' lang='lat' dir='ltr'><strong>ex</strong></span> <span class='ocrx_word' id='word_1_276' title='bbox 2629 2748 2763 2781; x_wconf 90' lang='lat' dir='ltr'><strong>sono</strong></span> 
     </span>
     <span class='ocr_line' id='line_1_50' title="bbox 1732 2804 2763 2869; baseline 0.004 -13"><span class='ocrx_word' id='word_1_277' title='bbox 1732 2804 1948 2857; x_wconf 80' lang='lat' dir='ltr'><strong>Punicae</strong></span> <span class='ocrx_word' id='word_1_278' title='bbox 1992 2806 2173 2869; x_wconf 79' lang='lat' dir='ltr'><strong>vocis,</strong></span> <span class='ocrx_word' id='word_1_279' title='bbox 2221 2808 2426 2860; x_wconf 88' lang='lat' dir='ltr'><strong>canales</strong></span> <span class='ocrx_word' id='word_1_280' title='bbox 2466 2808 2625 2861; x_wconf 87' lang='lat' dir='ltr'><strong>etiam</strong></span> <span class='ocrx_word' id='word_1_281' title='bbox 2667 2806 2763 2860; x_wconf 88' lang='lat' dir='ltr'><strong>ad-</strong></span> 
     </span>
     <span class='ocr_line' id='line_1_51' title="bbox 1731 2885 2765 2959; baseline 0.003 -23"><span class='ocrx_word' id='word_1_282' title='bbox 1731 2885 1944 2946; x_wconf 56' lang='lat' dir='ltr'><strong>vexisse,</strong></span> <span class='ocrx_word' id='word_1_283' title='bbox 1989 2887 2081 2939; x_wconf 85' lang='lat' dir='ltr'><strong>ait.</strong></span> <span class='ocrx_word' id='word_1_284' title='bbox 2135 2886 2221 2937; x_wconf 88' lang='lat' dir='ltr'><strong>Sic</strong></span> <span class='ocrx_word' id='word_1_285' title='bbox 2268 2887 2414 2957; x_wconf 85' lang='lat' dir='ltr'><strong>palas</strong></span> <span class='ocrx_word' id='word_1_286' title='bbox 2462 2900 2512 2940; x_wconf 91' lang='lat' dir='ltr'><strong>et</strong></span> <span class='ocrx_word' id='word_1_287' title='bbox 2560 2905 2765 2959; x_wconf 80' lang='lat' dir='ltr'><strong>mergas</strong></span> 
     </span>
     <span class='ocr_line' id='line_1_52' title="bbox 1732 2963 2762 3021; baseline 0.002 -4"><span class='ocrx_word' id='word_1_288' title='bbox 1732 2963 2046 3019; x_wconf 82' lang='lat' dir='ltr'><strong>vendundas</strong></span> <span class='ocrx_word' id='word_1_289' title='bbox 2091 2965 2193 3017; x_wconf 84' lang='lat' dir='ltr'><strong>sibi</strong></span> <span class='ocrx_word' id='word_1_290' title='bbox 2240 2964 2390 3019; x_wconf 87' lang='lat' dir='ltr'><strong>datas</strong></span> <span class='ocrx_word' id='word_1_291' title='bbox 2439 2965 2634 3019; x_wconf 80' lang='lat' dir='ltr'><strong>dixisse</strong></span> <span class='ocrx_word' id='word_1_292' title='bbox 2687 2968 2762 3021; x_wconf 86' lang='lat' dir='ltr'><strong>ait</strong></span> 
     </span>
     <span class='ocr_line' id='line_1_53' title="bbox 1730 3045 2760 3115; baseline 0.002 -20"><span class='ocrx_word' id='word_1_293' title='bbox 1730 3045 1955 3095; x_wconf 87' lang='lat' dir='ltr'><strong>Poenum</strong></span> <span class='ocrx_word' id='word_1_294' title='bbox 1975 3080 1989 3103; x_wconf 88' lang='grc'><strong>.,</strong></span> <span class='ocrx_word' id='word_1_295' title='bbox 2024 3045 2148 3115; x_wconf 89' lang='lat' dir='ltr'><strong>quia</strong></span> <span class='ocrx_word' id='word_1_296' title='bbox 2173 3046 2371 3114; x_wconf 73' lang='lat' dir='ltr'><strong>punice</strong></span> <span class='ocrx_word' id='word_1_297' title='bbox 2399 3045 2603 3099; x_wconf 84' lang='lat' dir='ltr'><strong>dixerat</strong></span> <span class='ocrx_word' id='word_1_298' title='bbox 2629 3048 2760 3098; x_wconf 84' lang='lat' dir='ltr'><strong>Palu</strong></span> 
     </span>
     <span class='ocr_line' id='line_1_54' title="bbox 1731 3125 2760 3193; baseline 0.006 -21"><span class='ocrx_word' id='word_1_299' title='bbox 1731 3142 1896 3193; x_wconf 71' lang='lat' dir='ltr'><strong>merga</strong></span> <span class='ocrx_word' id='word_1_300' title='bbox 1925 3125 2114 3176; x_wconf 75' lang='lat' dir='ltr'><strong>dectha.</strong></span> <span class='ocrx_word' id='word_1_301' title='bbox 2135 3125 2333 3177; x_wconf 84' lang='lat' dir='ltr'><strong>Punica</strong></span> <span class='ocrx_word' id='word_1_302' title='bbox 2362 3126 2451 3178; x_wconf 83' lang='lat' dir='ltr'><strong>illa</strong></span> <span class='ocrx_word' id='word_1_303' title='bbox 2475 3125 2652 3178; x_wconf 78' lang='lat' dir='ltr'><strong>adhuc</strong></span> <span class='ocrx_word' id='word_1_304' title='bbox 2675 3126 2760 3178; x_wconf 86' lang='lat' dir='ltr'><strong>lu·</strong></span> 
     </span>
     <span class='ocr_line' id='line_1_55' title="bbox 1731 3203 2759 3275; baseline 0.003 -21"><span class='ocrx_word' id='word_1_305' title='bbox 1731 3221 1846 3255; x_wconf 88' lang='lat' dir='ltr'><strong>cem</strong></span> <span class='ocrx_word' id='word_1_306' title='bbox 1875 3203 2178 3257; x_wconf 82' lang='lat' dir='ltr'><strong>desiderant</strong></span> <span class='ocrx_word' id='word_1_307' title='bbox 2197 3244 2211 3269; x_wconf 95' lang='lat'><strong>,</strong></span> <span class='ocrx_word' id='word_1_308' title='bbox 2239 3217 2362 3275; x_wconf 92' lang='lat' dir='ltr'><strong>post</strong></span> <span class='ocrx_word' id='word_1_309' title='bbox 2391 3207 2635 3257; x_wconf 74' lang='lat' dir='ltr'><strong>virorum</strong></span> <span class='ocrx_word' id='word_1_310' title='bbox 2659 3204 2759 3257; x_wconf 86' lang='lat' dir='ltr'><strong>do-</strong></span> 
     </span>
     <span class='ocr_line' id='line_1_56' title="bbox 1729 3276 2754 3355; baseline 0.002 -20"><span class='ocrx_word' id='word_1_311' title='bbox 1729 3295 1940 3335; x_wconf 87' lang='lat' dir='ltr'><strong>ctorum</strong></span> <span class='ocrx_word' id='word_1_312' title='bbox 1971 3276 2192 3353; x_wconf 78' lang='lat' dir='ltr'><strong>operam</strong></span> <span class='ocrx_word' id='word_1_313' title='bbox 2223 3284 2280 3336; x_wconf 87' lang='lat' dir='ltr'><strong>in</strong></span> <span class='ocrx_word' id='word_1_314' title='bbox 2312 3286 2394 3337; x_wconf 89' lang='lat' dir='ltr'><strong>his</strong></span> <span class='ocrx_word' id='word_1_315' title='bbox 2422 3283 2754 3355; x_wconf 83' lang='lat' dir='ltr'><strong>explicandis</strong></span> 
     </span>
    </p>
   </div>
   <div class='ocr_carea' id='block_1_15' title="bbox 1678 3353 2760 3433">
    <p class='ocr_par' dir='ltr' id='par_1_21' title="bbox 1678 3353 2760 3433">
     <span class='ocr_line' id='line_1_57' title="bbox 1678 3353 2760 3433; baseline 0.003 -19"><span class='ocrx_word' id='word_1_316' title='bbox 1678 3353 1693 3373; x_wconf 80' lang='lat'><em>⁰</em></span> <span class='ocrx_word' id='word_1_317' title='bbox 1728 3363 1978 3433; x_wconf 79' lang='lat' dir='ltr'><strong>positam.</strong></span> <span class='ocrx_word' id='word_1_318' title='bbox 2003 3362 2108 3416; x_wconf 90' lang='lat' dir='ltr'><strong>Sed</strong></span> <span class='ocrx_word' id='word_1_319' title='bbox 2145 3364 2310 3416; x_wconf 90' lang='lat' dir='ltr'><strong>otium</strong></span> <span class='ocrx_word' id='word_1_320' title='bbox 2351 3384 2494 3417; x_wconf 88' lang='lat' dir='ltr'><strong>nunc</strong></span> <span class='ocrx_word' id='word_1_321' title='bbox 2537 3384 2646 3417; x_wconf 90' lang='lat' dir='ltr'><strong>non</strong></span> <span class='ocrx_word' id='word_1_322' title='bbox 2680 3378 2760 3417; x_wconf 86' lang='lat' dir='ltr'><strong>est</strong></span> 
     </span>
    </p>
   </div>
   <div class='ocr_carea' id='block_1_16' title="bbox 1723 3443 2758 4233">
    <p class='ocr_par' dir='ltr' id='par_1_22' title="bbox 1723 3443 2758 4233">
     <span class='ocr_line' id='line_1_58' title="bbox 1729 3443 2758 3515; baseline 0.002 -22"><span class='ocrx_word' id='word_1_323' title='bbox 1729 3460 1790 3495; x_wconf 87' lang='lat' dir='ltr'><strong>ea</strong></span> <span class='ocrx_word' id='word_1_324' title='bbox 1815 3444 2048 3495; x_wconf 86' lang='lat' dir='ltr'><strong>refutare</strong></span> <span class='ocrx_word' id='word_1_325' title='bbox 2065 3481 2081 3507; x_wconf 89' lang='lat'><strong>,</strong></span> <span class='ocrx_word' id='word_1_326' title='bbox 2105 3463 2223 3515; x_wconf 64' lang='lat' dir='ltr'><strong>quaa</strong></span> <span class='ocrx_word' id='word_1_327' title='bbox 2251 3463 2533 3515; x_wconf 85' lang='lat' dir='ltr'><strong>perperam</strong></span> <span class='ocrx_word' id='word_1_328' title='bbox 2559 3446 2626 3497; x_wconf 86' lang='lat' dir='ltr'><strong>ab</strong></span> <span class='ocrx_word' id='word_1_329' title='bbox 2650 3443 2758 3496; x_wconf 88' lang='lat' dir='ltr'><strong>illis</strong></span> 
     </span>
     <span class='ocr_line' id='line_1_59' title="bbox 1727 3521 2757 3591; baseline 0.004 -19"><span class='ocrx_word' id='word_1_330' title='bbox 1727 3523 1961 3591; x_wconf 81' lang='lat' dir='ltr'><strong>exposita</strong></span> <span class='ocrx_word' id='word_1_331' title='bbox 2001 3537 2153 3588; x_wconf 89' lang='lat' dir='ltr'><strong>sunt,</strong></span> <span class='ocrx_word' id='word_1_332' title='bbox 2196 3537 2249 3577; x_wconf 88' lang='lat' dir='ltr'><strong>et</strong></span> <span class='ocrx_word' id='word_1_333' title='bbox 2285 3521 2412 3576; x_wconf 86' lang='lat' dir='ltr'><strong>dare</strong></span> <span class='ocrx_word' id='word_1_334' title='bbox 2450 3524 2610 3576; x_wconf 87' lang='lat' dir='ltr'><strong>simul</strong></span> <span class='ocrx_word' id='word_1_335' title='bbox 2643 3543 2757 3576; x_wconf 87' lang='lat' dir='ltr'><strong>me-</strong></span> 
     </span>
     <span class='ocr_line' id='line_1_60' title="bbox 1726 3602 2756 3657; baseline 0.004 -6"><span class='ocrx_word' id='word_1_336' title='bbox 1726 3602 1878 3653; x_wconf 89' lang='lat' dir='ltr'><strong>liora.</strong></span> <span class='ocrx_word' id='word_1_337' title='bbox 1906 3604 2424 3656; x_wconf 65' lang='lat' dir='ltr'><strong>S.u.1u.—P0tuisset</strong></span> <span class='ocrx_word' id='word_1_338' title='bbox 2449 3622 2630 3657; x_wconf 86' lang='lat' dir='ltr'><strong>scurra</strong></span> <span class='ocrx_word' id='word_1_339' title='bbox 2657 3602 2756 3655; x_wconf 90' lang='lat' dir='ltr'><strong>de-</strong></span> 
     </span>
     <span class='ocr_line' id='line_1_61' title="bbox 1726 3684 2718 3753; baseline 0.003 -21"><span class='ocrx_word' id='word_1_340' title='bbox 1726 3692 1982 3751; x_wconf 82' lang='lat' dir='ltr'><strong>torquere</strong></span> <span class='ocrx_word' id='word_1_341' title='bbox 2015 3701 2044 3733; x_wconf 90' lang='lat' dir='ltr'><strong>e</strong></span> <span class='ocrx_word' id='word_1_342' title='bbox 2073 3684 2284 3753; x_wconf 83' lang='lat' dir='ltr'><strong>punicis</strong></span> <span class='ocrx_word' id='word_1_343' title='bbox 2312 3684 2492 3753; x_wconf 76' lang='lat' dir='ltr'><strong>ligulas</strong></span> <span class='ocrx_word' id='word_1_344' title='bbox 2523 3698 2718 3735; x_wconf 72' lang='lat' dir='ltr'><strong>canum:</strong></span> 
     </span>
     <span class='ocr_line' id='line_1_62' title="bbox 1811 3762 2754 3816; baseline 0 -1"><span class='ocrx_word' id='word_1_345' title='bbox 1811 3762 1838 3814; x_wconf 84' lang='lat'>5</span> <span class='ocrx_word' id='word_1_346' title='bbox 1851 3764 1902 3815; x_wconf 91' lang='grc'><strong>8.</strong></span> <span class='ocrx_word' id='word_1_347' title='bbox 1921 3764 2089 3815; x_wconf 79' lang='lat' dir='ltr'><strong>Palas.</strong></span> <span class='ocrx_word' id='word_1_348' title='bbox 2110 3762 2240 3813; x_wconf 77' lang='lat' dir='ltr'><strong>Pala</strong></span> <span class='ocrx_word' id='word_1_349' title='bbox 2262 3762 2535 3815; x_wconf 86' lang='lat' dir='ltr'><strong>interdum</strong></span> <span class='ocrx_word' id='word_1_350' title='bbox 2553 3781 2754 3816; x_wconf 86' lang='lat' dir='ltr'><strong>nomen</strong></span> 
     </span>
     <span class='ocr_line' id='line_1_63' title="bbox 1723 3842 2756 3914; baseline 0.002 -21"><span class='ocrx_word' id='word_1_351' title='bbox 1723 3852 1802 3893; x_wconf 89' lang='lat' dir='ltr'><strong>est</strong></span> <span class='ocrx_word' id='word_1_352' title='bbox 1833 3842 2176 3894; x_wconf 81' lang='lat' dir='ltr'><strong>instrumenti</strong></span> <span class='ocrx_word' id='word_1_353' title='bbox 2207 3844 2422 3906; x_wconf 85' lang='lat' dir='ltr'><strong>rustici,</strong></span> <span class='ocrx_word' id='word_1_354' title='bbox 2475 3861 2583 3914; x_wconf 91' lang='lat' dir='ltr'><strong>quo</strong></span> <span class='ocrx_word' id='word_1_355' title='bbox 2613 3856 2756 3895; x_wconf 85' lang='lat' dir='ltr'><strong>terra</strong></span> 
     </span>
     <span class='ocr_line' id='line_1_64' title="bbox 1723 3919 2750 3993; baseline 0.005 -23"><span class='ocrx_word' id='word_1_356' title='bbox 1723 3919 1858 3973; x_wconf 79' lang='lat' dir='ltr'><strong>fossa</strong></span> <span class='ocrx_word' id='word_1_357' title='bbox 1898 3921 1984 3973; x_wconf 86' lang='lat' dir='ltr'><strong>vel</strong></span> <span class='ocrx_word' id='word_1_358' title='bbox 2032 3923 2282 3993; x_wconf 85' lang='lat' dir='ltr'><strong>egeritur,</strong></span> <span class='ocrx_word' id='word_1_359' title='bbox 2337 3923 2422 3976; x_wconf 82' lang='lat' dir='ltr'><strong>vel</strong></span> <span class='ocrx_word' id='word_1_360' title='bbox 2463 3923 2750 3993; x_wconf 82' lang='lat' dir='ltr'><strong>aggeritur.</strong></span> 
     </span>
     <span class='ocr_line' id='line_1_65' title="bbox 1723 4000 2754 4073; baseline 0.003 -22"><span class='ocrx_word' id='word_1_361' title='bbox 1723 4000 1950 4053; x_wconf 60' lang='lat' dir='ltr'><strong>Tavum.</strong></span> <span class='ocrx_word' id='word_1_362' title='bbox 1982 4033 2060 4045; x_wconf 89' lang='lat'>—</span> <span class='ocrx_word' id='word_1_363' title='bbox 2083 4002 2302 4071; x_wconf 75' lang='lat' dir='ltr'><strong>Mergus.</strong></span> <span class='ocrx_word' id='word_1_364' title='bbox 2333 4024 2354 4045; x_wconf 68' lang='grc' dir='ltr'><strong>κ</strong></span> <span class='ocrx_word' id='word_1_365' title='bbox 2379 4002 2578 4073; x_wconf 79' lang='lat' dir='ltr'><strong>Mergae</strong></span> <span class='ocrx_word' id='word_1_366' title='bbox 2599 4041 2614 4066; x_wconf 91' lang='lat'><strong>,</strong></span> <span class='ocrx_word' id='word_1_367' title='bbox 2637 4002 2754 4054; x_wconf 83' lang='lat' dir='ltr'><strong>fur·</strong></span> 
     </span>
     <span class='ocr_line' id='line_1_66' title="bbox 1726 4079 2748 4151; baseline 0.001 -19"><span class='ocrx_word' id='word_1_368' title='bbox 1726 4079 1859 4133; x_wconf 82' lang='lat' dir='ltr'><strong>culae</strong></span> <span class='ocrx_word' id='word_1_369' title='bbox 1896 4080 2088 4151; x_wconf 91' lang='lat' dir='ltr'><strong>quibus</strong></span> <span class='ocrx_word' id='word_1_370' title='bbox 2121 4081 2296 4135; x_wconf 84' lang='lat' dir='ltr'><strong>acervi</strong></span> <span class='ocrx_word' id='word_1_371' title='bbox 2331 4082 2546 4151; x_wconf 84' lang='lat' dir='ltr'><strong>frugum</strong></span> <span class='ocrx_word' id='word_1_372' title='bbox 2570 4082 2748 4133; x_wconf 81' lang='lat' dir='ltr'><strong>flunt:</strong></span> 
     </span>
     <span class='ocr_line' id='line_1_67' title="bbox 1723 4158 2752 4233; baseline 0.004 -22"><span class='ocrx_word' id='word_1_373' title='bbox 1723 4158 1878 4213; x_wconf 66' lang='lat' dir='ltr'><strong>dictae</strong></span> <span class='ocrx_word' id='word_1_374' title='bbox 1902 4180 1930 4213; x_wconf 82' lang='lat' dir='ltr'><strong>a</strong></span> <span class='ocrx_word' id='word_1_375' title='bbox 1957 4161 2263 4215; x_wconf 84' lang='lat' dir='ltr'><strong>volucribus</strong></span> <span class='ocrx_word' id='word_1_376' title='bbox 2289 4162 2515 4231; x_wconf 84' lang='lat' dir='ltr'><strong>mergis:</strong></span> <span class='ocrx_word' id='word_1_377' title='bbox 2541 4162 2666 4233; x_wconf 84' lang='lat' dir='ltr'><strong>quia</strong></span> <span class='ocrx_word' id='word_1_378' title='bbox 2689 4174 2752 4215; x_wconf 89' lang='lat' dir='ltr'><strong>ut</strong></span> 
     </span>
    </p>
   </div>
  </div>
 </body>
</html>
