3067 5017
890 401 1226 480 'ACTUS
1274 411 1396 496 ΙΙ,
1446 408 1789 480 SCENA
1838 409 1995 478 ΙΙΙ.
2390 405 2523 481 155

378 531 553 604 Nam
585 533 727 600 haec
744 531 966 602 adlata
981 533 1416 626 cornucopiae
1435 531 1516 600 ’st
1536 531 1686 625 ‚ubi
1707 532 1883 600 inest
1898 529 2226 625 quidquid
2253 530 2431 602 volo.
2499 553 2523 594 s

376 643 544 710 Heic
562 639 697 710 doli
718 696 736 725 ,
759 641 909 710 heic
925 641 1200 711 fallaciae
1220 643 1479 712 omneis
1496 656 1653 711 sunt
1672 666 1687 708 :
1708 641 1855 710 heic
1872 655 2029 710 sunt
2050 642 2524 736 sycophantiae,

375 751 543 820 Heic
579 766 972 846 argentum,
1011 751 1160 820 heic
1195 753 1406 821 amica
1442 741 1696 821 amanti
1734 748 1929 820 herili
1961 749 2125 820 filio.

375 863 602 955 Atque
631 885 756 954 ego
791 886 970 929 nunc
996 887 1103 930 me
1126 876 1200 932 ut
1229 860 1593 958 gloriosum
1620 861 1859 930 faciam
1878 914 1897 949 ,
1929 876 2007 930 ut
2038 861 2191 955 copi
2219 858 2520 955 pectore!

376 971 538 1060 Quo
576 971 788 1040 modo
837 971 1134 1066 quidque
1171 996 1478 1068 agerem,
1517 988 1598 1042 ut
1633 972 1861 1042 lenoni
1912 973 2328 1066 subriperem
2368 996 2519 1041 mu-

670 1079 1062 1169 lierculam,
1141 1114 1148 1127 ·

374 1191 522 1257 Jam
579 1189 923 1277 instituta,
983 1205 1254 1278 ornata,
1317 1205 1559 1262 cuncta
1605 1192 1676 1260 in
1720 1189 1963 1262 ordine
2013 1193 2239 1262 animo
2270 1207 2363 1263 ut
2410 1217 2523 1262 vo-

674 1243 970 1387 luerani,
2478 1335 2527 1362 ι.

383 1411 626 1500 Certa,
669 1409 1038 1479 deformata
1075 1411 1451 1479 habebam:
1491 1410 1606 1480 sed
1647 1409 1951 1505 profecto
1967 1412 2113 1480 ·hoc
2147 1411 2240 1480 sic
2278 1412 2424 1479 erit.

377 1523 674 1590 Centum
699 1520 978 1592 doctum
1003 1521 1356 1590 hominum
1384 1521 1659 1591 consilia
1704 1521 1845 1591 sola
1875 1522 2015 1593 haec
2044 1522 2337 1592 devincit
2361 1522 2485 1591 dea

375 1633 719 1700 Fortuna:
763 1645 966 1725 atque
1011 1631 1142 1702 hoc
1185 1632 1514 1702 verum’st
1554 1659 1571 1702 z
1610 1632 1898 1727 proinde
1934 1648 2015 1702 ut
2053 1634 2337 1727 quisque
2378 1632 2521 1704 for-

669 1755 833 1809 tuna
875 1742 1125 1830 utitur,

372 1851 477 1918 Ita
511 1849 884 1944 praecellet3
924 1867 1126 1946 atque
1161 1852 1399 1922 exinde
1427 1878 1661 1948 sapere
1689 1879 1841 1924 eum
1869 1853 2125 1924 omneis
2152 1852 2455 1923 dicimus.

373 1963 555 2029 Bene
605 1961 721 2030 ubi
770 1962 956 2054 quod
999 1962 1356 2032 consilium
1402 1963 1718 2034 discimus
1764 1963 2123 2051 adcidisse,
2176 1963 2519 2032 hominem
2578 1981 2590 2004 ⁸

555 2121 568 2136 ,
667 2086 893 2140 catum

373 2267 542 2322 dubio
557 2267 711 2334 MSS,
728 2269 830 2321 hoec
842 2269 1042 2331 adlata5
1061 2281 1123 2322 ut
1144 2269 1392 2324 Camere*-

367 2348 501 2413 rius,
525 2348 870 2413 Sambuccus,
882 2351 1067 2401 Douza
1086 2347 1389 2414 ediderunt,

369 2427 636 2481 Gruterus
680 2426 768 2480 edi
807 2429 999 2481 voluit.
1046 2425 1211 2493 Quod
1267 2429 1391 2482 fecit

368 2505 516 2560 idem
556 2511 842 2578 cornucopia
883 2520 979 2571 est,
1024 2508 1115 2560 vix
1156 2507 1386 2561 toleres:

366 2603 493 2638 nam
519 2591 816 2657 cornucopioe
845 2582 1109 2654 dicimus,
1149 2605 1258 2639 non
1287 2607 1388 2640 cor·-

371 2672 659 2737 nucopiam;
705 2667 850 2733 nisi,
895 2666 1066 2722 divisa
1108 2685 1274 2734 voce,
1324 2679 1386 2720 ut

368 2746 588 2818 divesque
617 2766 718 2798 meo
749 2747 876 2798 bona
909 2751 1049 2818 copia
1090 2766 1237 2798 cornu
1277 2758 1348 2798 est
1365 2785 1383 2812 ,

367 2837 422 2878 et
461 2847 610 2878 cornu
647 2847 755 2900 quoe
793 2831 965 2879 retinet
1002 2827 1150 2879 divite
1181 2829 1384 2895 copiam.

367 2903 474 2958 Sed
508 2905 764 2959 credibile
792 2918 870 2959 est
907 2905 1041 2958 MSS
1069 2906 1126 2958 in
1157 2905 1386 2976 quibus,

365 3004 514 3036 cornu
535 2991 673 3056 copia
689 3001 762 3038 est
777 3025 794 3049 ,
824 2985 1140 3056 significare,
1161 3005 1388 3038 cornuco-

358 3067 462 3134 pioe
487 3066 564 3117 ἐι
589 3067 817 3118 Membr.
853 3064 1018 3120 Acad.
1065 3091 1088 3113 ι
1114 3066 1246 3118 Nam
1273 3065 1386 3119 lianc

365 3144 498 3198 alata
531 3145 684 3216 copia
712 3138 772 3198 ’st
802 3164 975 3198 cornu
994 3171 1042 3198 n.
1063 3145 1172 3198 Vix
1200 3157 1383 3216 putem

366 3224 660 3276 sectionem
696 3225 842 3285 vocis
883 3226 948 3277 ab
981 3225 1203 3277 librario
1233 3243 1341 3277 esse
1369 3243 1384 3276 :

365 3302 500 3357 adeo
527 3305 700 3357 suavis
727 3318 824 3358 est.
855 3305 1094 3368 Gellius,
1129 3305 1283 3370 XIV,
1313 3307 1383 3358 6:

367 3404 390 3426 ι
412 3395 662 3454 tanquam
689 3383 732 3436 si
760 3384 932 3455 copise
957 3403 1179 3437 cornum
1202 3396 1386 3436 nactus

365 3481 531 3516 essem
553 3488 601 3516 ι.
623 3465 692 3517 Et
718 3464 830 3516 fere
859 3463 1134 3518 allubescit
1155 3480 1170 3516 τ
1200 3485 1222 3507 ι
1247 3465 1384 3516 Nam

364 3541 464 3594 hac
492 3543 708 3596 allatum
747 3543 914 3614 copiae
955 3535 1020 3596 'st
1055 3562 1256 3606 cornu,
1288 3542 1384 3597 ubi

364 3621 530 3688 inest,
561 3621 830 3694 quidquid
860 3623 984 3676 volo
1004 3648 1050 3674 ι.
1078 3624 1278 3675 Versus
1309 3636 1387 3676 est

364 3700 569 3772 integer
595 3702 890 3755 trochaicus
912 3721 925 3754 :
961 3701 1052 3755 sed
1079 3703 1266 3754 ultima
1293 3722 1387 3755 vo-

364 3780 491 3833 calis
519 3788 600 3834 τοῦ
630 3801 776 3832 cornu
809 3801 924 3834 non
952 3780 1189 3834 eliditur.
1219 3780 1386 3846 Quod

365 3861 460 3930 qui
485 3879 594 3914 non
625 3861 1002 3931 intelligerent,
1025 3859 1276 3914 videntur
1292 3879 1386 3914 vo-

366 3959 452 3992 ces
507 3942 905 4009 transposuisse.
963 3941 1120 3994 Hunc
1175 3959 1384 3993 sensum

365 4021 634 4090 quaerebat
659 4020 948 4072 Lambinus
967 4018 1218 4072 audacius
1243 4039 1387 4073 rece-

369 4097 548 4151 dendo
582 4118 612 4151 a
645 4100 810 4152 veteri
845 4099 1106 4170 scriptura
1139 4119 1150 4151 :
1203 4127 1225 4148 ι
1248 4099 1386 4152 Nam

369 4177 474 4232 hoc
515 4177 650 4231 illud
681 4179 1026 4249 cornucopiae
1059 4192 1138 4233 est
1161 4207 1208 4230 ιι.
1258 4179 1386 4231 Mox

1489 2269 1636 2323 idem
1670 2269 1793 2322 cod.
1820 2268 1985 2335 Αοεᾶ.
2022 2296 2045 2318 ι
2068 2270 2171 2323 Ηίο
2203 2282 2480 2340 argentum
2497 2310 2514 2337 ,

1487 2349 1579 2403 hic
1630 2349 1827 2402 amanti
1886 2350 2051 2402 amica
2110 2348 2272 2402 herili
2324 2349 2439 2401 filio
2467 2375 2515 2404 n.

1489 2427 1653 2494 Quod
1693 2429 1849 2481 etiam
1886 2429 2098 2481 suavius
2132 2428 2362 2482 videtur.
2404 2429 2517 2482 Ubi

1485 2507 1897 2579 pariter-‚quum
1918 2507 2125 2560 hiatum
2150 2527 2262 2560 non
2283 2509 2513 2575 ferrent,

1484 2606 1585 2641 nec
1618 2587 1863 2639 ultimam
1894 2587 1951 2640 in
1979 2598 2233 2656 argentum
2262 2605 2376 2640 non
2416 2589 2513 2640 eli·

1485 2665 1569 2724 di,
1605 2678 1791 2720 contra
1818 2667 2043 2736 scriptos
2070 2678 2125 2718 et
2161 2678 2293 2720 vett.
2321 2665 2513 2720 editio-

1480 2765 1577 2800 nes
1592 2785 1608 2810 ,
1635 2746 2071 2816 interposuerunt
2087 2757 2173 2798 esc.
2198 2745 2382 2798 Geor«.

1569 2845 1593 2880 1
1610 2843 1659 2879 1.
1682 2825 1996 2891 Deformaea.
2026 2827 2225 2878 Seneca
2253 2825 2471 2878 lib.VII
2492 2863 2509 2890 ,

1482 2923 1599 2976 cap.
1624 2925 1650 2957 a
1676 2945 1691 2971 ,
1724 2904 1792 2957 de
1818 2905 2003 2958 Benef.
2050 2930 2075 2953 ι
2096 2906 2300 2970 virum,
2342 2923 2503 2975 quem

1482 2984 1847 3039 deformamus
1877 3009 1901 3033 ι
1938 3003 1951 3038 2
1996 2985 2093 3037 ubi
2128 2985 2398 3052 deformare
2428 2997 2508 3038 est

1481 3067 1841 3128 ὓποτυπῶσαι,
1866 3065 2128 3116 describere
2149 3079 2168 3112 .·
2205 3083 2313 3136 quo
2339 3066 2507 3117 verbo

1483 3158 1552 3201 et.
1593 3145 1783 3198 Cicero
1847 3143 2039 3197 eodem
2100 3163 2257 3198 sensu
2316 3145 2504 3198 utitur.

1481 3224 1719 3277 Lxrs1us.

1571 3322 1593 3356 1
1609 3325 1660 3357 2.
1686 3303 1921 3368 Centum,
1947 3315 2049 3358 etc.
2080 3303 2224 3357 Prol.
2258 3307 2327 3366 44
2353 3321 2504 3374 seqq.

1572 3383 1663 3436 13.
1690 3383 1857 3455 Atque
1880 3384 1969 3435 hoc
1990 3403 2156 3436 verum
2190 3384 2267 3433 'st.
2300 3383 2504 3434 Plenis-

1482 3462 1615 3515 sima
1651 3463 1810 3534 hujus
1849 3463 2118 3516 sententiae
2158 3461 2441 3532 explicatio
2478 3482 2507 3516 a

1483 3541 1661 3595 Plinio
1696 3541 1921 3612 petenda
1954 3542 2049 3595 lib.
2079 3543 2153 3608 V,
2178 3541 2351 3612 Epist.
2395 3561 2461 3595 21
2487 3562 2502 3594 ε

1489 3648 1512 3670 ι
1533 3621 1627 3675 Est
1647 3623 1869 3674 omnino
1896 3623 2141 3692 iniquum
2158 3655 2174 3681 ‚
2202 3621 2397 3691 inquit,
2413 3620 2505 3675 sed

1482 3721 1584 3754 usu
1610 3715 1884 3773 receptum
1902 3740 1917 3765 ,
1946 3700 2098 3773 quod
2126 3703 2351 3754 honesta
2375 3720 2505 3754 con-

1483 3781 1597 3834 silia
1641 3782 1728 3833 vel
1773 3781 1977 3852 turpia,
2023 3793 2187 3852 prout
2230 3783 2367 3853 male
2404 3789 2505 3835 ‘aut

1480 3879 1739 3932 prospere
1758 3859 1955 3913 cedunt
1968 3899 1984 3927 ,
2004 3862 2077 3914 ita
2091 3862 2173 3914 vel
2188 3863 2509 3932 probantur,

1483 3941 1568 3993 vel
1596 3939 2077 4010 reprehenduntur.
2114 3940 2249 3993 Inde
2272 3943 2508 4013 plerum·

1484 4038 1589 4089 que
1612 4017 1795 4072 eadem
1822 4021 1953 4073 facta
1986 4020 2149 4074 modo
2178 4021 2469 4093 diligentiae
2485 4058 2503 4083 ,

1453 4131 1460 4134 -
1485 4099 1647 4151 modo
1675 4100 1953 4166 vanitatis,
1981 4100 2147 4155 modo
2186 4102 2382 4156 furoris
2410 4119 2509 4153 no-

1486 4197 1610 4232 men
1642 4179 1913 4250 accipiunt
1940 4207 1961 4228 »a
1976 4223 1988 4234 .
