3067 5017
641 427 781 513 334

1476 428 1957 514 STICHUS,

633 555 837 622 Nune
873 550 1211 637 intervisi‚
1239 550 1468 643 jamne
1499 571 1542 618 a.
1581 565 1787 644 portu
1822 551 2170 620 advenerit
2192 605 2213 638 ‚

629 667 724 734 Ut
767 687 920 730 eum
967 660 1430 728 advenientem
1467 659 1637 728 meis
1673 659 1871 728 dictis
1904 659 2245 730 deliniam.

631 773 1040 844 EP1GN..Hic
1078 770 1347 864 quidem
1387 769 1765 840 Gelasimus
1802 786 1903 840 est
1940 772 2303 864 parasitus,
2342 774 2459 868 qui
2498 775 2693 846 venit.
2752 798 2775 836 ε

633 908 790 954 em..
843 883 1162 976 Auspicio
1196 880 1394 949 hodie
1432 896 1715 975 optumo
1760 881 1932 950 exivi
1980 882 2199 968 foras3

629 993 920 1065 Mustela
964 1017 1225 1060 murem
1274 991 1557 1062 abstulit
1603 1007 1841 1086 praeter
1880 991 2106 1085 pedes.

633 1109 806 1176 Cum
845 1118 1067 1171 strena
1113 1102 1509 1170 obscaevavit
1532 1157 1551 1187 ‚
1590 1117 1965 1196 spectatum
2002 1101 2132 1170 hoc
2174 1100 2341 1169 mihi
2384 1115 2485 1170 est
2518 1127 2533 1169 :

537 1227 546 1234 “
625 1219 803 1285 Nam
845 1229 922 1282 ut
958 1204 1066 1281 illa
1106 1212 1312 1280 vitam
1353 1213 1602 1306 reperit
1638 1213 1840 1281 hodie
1884 1212 2051 1299 sihi,

623 1331 798 1396 Item
837 1349 949 1392 me
983 1345 1178 1417 spero
1215 1322 1592 1411 facturum;
1630 1323 1993 1418 augurium
2037 1322 2181 1390 haee
2218 1320 2397 1391 facit.
2728 1359 2775 1387 ι.

625 1437 1042 1529 Epignomus
1067 1432 1180 1500 hic
1205 1432 1476 1525 quidem
1495 1448 1629 1520 est,
1655 1434 1771 1526 qui
1792 1432 2043 1521 adstat3
2070 1432 2184 1500 ibo
2209 1447 2412 1526 atque
2431 1429 2767 1528 adloquar.

625 1545 1041 1638 Epignome,
1080 1556 1157 1609 ut
1189 1566 1316 1634 ego
1355 1557 1419 1610 te
1459 1567 1647 1611 nune
1682 1543 2027 1638 conspicio
2066 1539 2339 1611 lubens!

619 1658 720 1725 Ut
756 1679 891 1748 prae
930 1651 1160 1720 laetitia
1204 1650 1518 1722 lacrumae
1557 1652 1932 1748 praesiliunt
1963 1649 2169 1721 mihi!

620 1761 981 1833 Valuistin’
1019 1761 1283 1854 usque?
1320 1786 1558 1832 EmGN.
1596 1761 2150 1832 Sustentatum’st
2188 1761 2449 1832 sedulo,

625 1899 784 1946 GEL.
823 1878 1004 1942 Bene
1037 1886 1236 1966 atque
1273 1874 1485 1942 amice
1521 1873 1689 1942 dicis
1723 1899 1739 1941 ε
1783 1874 1853 1942 di
1893 1873 2055 1942 dent
2098 1896 2245 1966 quae
2289 1871 2475 1941 velis.
2725 1894 2768 1934 ιε

620 1984 918 2077 Propino
955 1981 1075 2049 tibi
1115 1978 1396 2049 salutem
1435 1981 1654 2076 plenis
1700 1982 2027 2052 faucibus.

705 2123 757 2176 3.
781 2124 929 2176 Nunc
954 2125 1184 2176 intercisi.
1217 2123 1359 2192 Lege
1384 2143 1398 2174 ε
1443 2145 1466 2167 ι
1492 2124 1546 2176 N
1549 2141 1653 2176 unc

615 2204 873 2258 interviso
891 2205 1070 2272 jamne
1090 2221 1120 2254 a
1145 2214 1304 2271 portu
1318 2201 1653 2255 advenerit».

621 2285 745 2338 Hoc
771 2283 914 2335 enim
949 2281 1057 2352 agit
1091 2280 1419 2345 Gelasimus,
1458 2295 1520 2334 ut
1566 2283 1650 2334 in·

623 2363 841 2416 tervisat
874 2381 942 2414 an
975 2379 1004 2412 a
1033 2373 1196 2431 portu
1218 2359 1494 2414 advenerit
1521 2362 1655 2433 Epi·

618 2461 846 2514 gnomus
869 2462 881 2492 ε
912 2438 1156 2492 nondum
1181 2439 1455 2493 intervisit.
1479 2441 1653 2495 Boxn.

704 2543 758 2591 7.
807 2521 1020 2572 Mustela
1062 2521 1369 2590 Utrumque
1417 2522 1651 2586 animal,

620 2615 674 2656 et
697 2602 894 2653 mustela
919 2600 1204 2664 domestica,
1231 2613 1282 2652 et
1293 2601 1410 2667 felis
1433 2601 1575 2653 inter
1592 2619 1652 2653 ea

620 2683 754 2744 fuit,
817 2699 936 2751 quae
991 2697 1220 2732 occursu
1271 2699 1368 2732 suo
1417 2680 1657 2734 facerent

619 2760 912 2831 auspicium
944 2780 956 2810 :
995 2757 1142 2829 quod
1181 2759 1355 2811 Graeci
1395 2761 1654 2813 vocabant

617 2837 800 2894 ἐνόδιον
824 2837 1088 2909 σὺμὸολον.
1106 2839 1428 2908 Exemplum
1446 2839 1514 2892 de
1532 2857 1652 2892 mu-

615 2921 744 2974 stel'a
771 2919 858 2972 hie
881 2931 962 2970 est
981 2937 996 2968 ε
1025 2916 1096 2969 de
1115 2918 1222 2984 fele
1257 2916 1404 2988 apud
1428 2919 1648 2972 Terent.

619 3012 784 3070 atque
815 2993 932 3050 haec'
963 3004 1204 3067 μαντικῆς
1244 2996 1487 3050 doctrina
1523 3018 1653 3069 pro-

615 3081 734 3150 prie
759 3079 1074 3134 σῶιοσκοπιπὴ
1099 3076 1390 3133 dicebatur.
1421 3079 1545 3132 CAs.

701 3161 753 3212 8.
787 3159 908 3211 Cum
941 3170 1112 3208 strena·
1139 3158 1440 3211 obscaevavit.
1467 3159 1649 3212 Muta-

618 3252 730 3292 tum
767 3240 930 3308 Quum
955 3250 1152 3288 strenua
1173 3238 1438 3288 obcoenave‘e
1455 3239 1647 3292 frustra

611 3320 804 3372 volunt
857 3316 1198 3369 namhoc-ius
1244 3329 1296 3370 et
1343 3317 1645 3371 Salmasius.

623 3398 748 3450 Cum
799 3410 964 3448 stt-ena
1010 3396 1324 3462 obscoevavit‚
1356 3409 1476 3462 est,
1520 3415 1645 3450 cum

592 3479 736 3538 *cibo
767 3493 992 3530 scaevam
1015 3477 1100 3528 vel
1133 3495 1293 3528 omen
1332 3478 1464 3529 mihi
1501 3476 1643 3531 fecit.

616 3558 818 3609 Strenae
840 3556 1092 3608 dicebaut
1107 3595 1122 3620 ‚
1145 3575 1264 3626 quae
1294 3556 1645 3609 mittebantur

611 3636 854 3690 kalendis
867 3635 1142 3706 januariis.
1161 3637 1252 3687 Eae
1276 3648 1449 3687 amem
1475 3637 1643 3688 maxi-

611 3732 757 3769 mam
790 3729 1000 3785 partem
1047 3728 1198 3767 erant
1233 3714 1450 3768 cibaria.
1499 3715 1642 3768 Vide

613 3796 903 3848 Libanium
952 3797 1008 3847 in
1049 3796 1292 3865 Εὑφράσει
1334 3793 1641 3850 Καλανδῶν.

606 3873 744 3927 Inde
773 3888 826 3926 et
852 3877 992 3927 infra
1019 3876 1092 3940 V,
1128 3895 1154 3926 τι
1187 3894 1199 3926 :
1251 3901 1272 3921 α
1299 3876 1531 3926 Domum
1560 3893 1642 3928 re·

609 3951 814 4006 deundi
864 3955 1190 4025 principium
1244 3955 1434 4024 placet.
1493 3956 1641 4008 Bona

610 4051 783 4086 scaeva
830 4047 1110 4104 strenaque
1155 4035 1368 4086 obviam
1413 4034 1642 4088 obcessit

613 4113 754 4165 mihi
781 4139 828 4163 ι.
861 4113 936 4166 Ea
961 4126 1074 4168 erat
1095 4113 1310 4168 Stichus
1343 4132 1467 4177 cum
1499 4114 1636 4169 cado

607 4192 736 4246 vini.
769 4193 949 4247 Gaon.

1825 2142 1879 2192 9.
1914 2124 2115 2189 Vitam,
2146 2121 2206 2176 id
2237 2135 2345 2190 est,
2373 2121 2594 2176 victum.
2620 2122 2767 2176 Trin.

1739 2203 1797 2255 11
1815 2242 1833 2269 ‚
1869 2209 1925 2268 4'.

1828 2303 1919 2336 10.
1959 2281 2237 2351 Augurium
2276 2283 2378 2334 hoec
2397 2283 2550 2350 facit.
2587 2281 2769 2352 Auspi-

1740 2362 1884 2414 cium
1911 2363 1991 2414 illi
2018 2363 2241 2415 mustela
2264 2363 2464 2415 fecerat
2493 2378 2507 2413 τ
2536 2361 2766 2431 Epigno-

1741 2461 1864 2495 mus
1896 2441 2117 2512 auspicii
2144 2441 2279 2494 fides
2307 2454 2359 2494 et
2386 2454 2607 2496 eventus
2633 2453 2765 2505 erat,

1740 2540 1771 2574 a
1826 2542 1935 2594 quo
1984 2522 2161 2574 victus
2218 2519 2587 2592 reperiendus.
2638 2521 2768 2572 Nam

1740 2599 1871 2653 dum
1900 2601 2179 2671 augurium
2203 2619 2358 2653 suum
2382 2611 2768 2653 commentatur

1739 2699 1951 2747 secum,
1994 2681 2209 2734 interim
2252 2681 2511 2750 conspicit
2548 2680 2769 2752 Epigno-

1741 2780 1887 2813 mum
1912 2800 1927 2826 ,
1968 2779 2127 2831 quem
2159 2761 2423 2815 noscitans
2452 2758 2563 2812 adit
2593 2760 2766 2812 statim

1741 2853 1793 2892 et
1817 2841 2119 2910 compellat.
2146 2845 2307 2892 Acro.
2337 2871 2419 2882 —
2448 2839 2589 2900 Vide
2621 2836 2761 2909 apud

1738 2921 1959 2974 Terent.
1995 2920 2212 2972 Phorm.
2259 2922 2361 2984 IV,
2418 2925 2453 2983 4
2471 2957 2485 2985 ,
2539 2919 2607 2971 25
2652 2933 2762 2989 sqq.

1740 3014 1982 3054 enarrata
2006 3001 2169 3052 multa
2195 2999 2251 3050 id
2276 3018 2443 3070 genus
2464 2999 2704 3069 auguria.

1824 3085 1915 3141 14.
1967 3077 2315 3132 Sustentatum.
2361 3077 2640 3130 Sustentare
2678 3097 2728 3128 se
2746 3115 2761 3142 ‚

1722 3157 1814 3212 ‘est
1834 3173 2049 3228 portare
2067 3177 2123 3210 se
2143 3199 2157 3224 ,
2187 3171 2239 3211 et
2260 3161 2398 3212 bene
2429 3160 2607 3212 valere
2624 3195 2641 3221 ‚
2682 3156 2762 3212 καὶ

1736 3241 1984 3310 ἐῤῥῶσθαι.
2025 3239 2107 3290 lta
2150 3240 2415 3292 Satin-icus·
2445 3238 2516 3290 de
2546 3256 2637 3298 eo,
2680 3237 2763 3288 cui

1734 3320 2005 3371 constabat
2043 3318 2297 3371 valetudo
2324 3339 2339 3370 z
2389 3343 2411 3364 ι
2433 3320 2503 3372 Et
2539 3315 2764 3387 pedibus

1735 3418 1823 3452 me
1847 3412 2015 3468 porto·
2032 3399 2168 3450 meis
2188 3424 2211 3444 ι-
2234 3437 2251 3464 ,
2282 3397 2345 3452 id,
2367 3411 2445 3452 est
2460 3437 2480 3464 ‚
2516 3397 2651 3448 bene
2676 3413 2763 3448 ve-

1732 3479 1835 3531 leo.
1860 3479 1942 3530 Ra
1970 3489 2165 3528 vectare
2186 3499 2240 3530 se
2256 3515 2276 3542 ‚
2302 3490 2364 3531 ut
2387 3489 2651 3529 sustentare
2678 3496 2727 3526 so
2742 3515 2758 3537 ,

1730 3570 1813 3610 est
1862 3555 1929 3609 de
1973 3558 2177 3628 optima
2224 3559 2475 3629 corporis
2503 3554 2761 3610 constitu-

1731 3638 1879 3691 tione
1924 3635 2135 3690 dictum
2183 3638 2406 3691 Latinis.
2476 3637 2543 3688 Et
2593 3634 2759 3686 sedulo
2850 3691 2855 3698 Β

1730 3715 1964 3770 ostendit
2000 3729 2239 3769 curatam
2277 3716 2563 3787 diligenter
2603 3715 2761 3768 fuisse

1730 3795 2119 3849 valetudinem.
2147 3799 2304 3850 Seu..

1816 3895 1838 3928 1
1854 3875 1905 3928 5.
1932 3877 2063 3927 Bene
2089 3889 2231 3948 atque
2263 3879 2411 3928 amice
2454 3874 2593 3926 dicis.
2624 3872 2761 3926 Gra-

1727 3955 1888 4026 phiee
1919 3957 2087 4008 colax.
2116 3955 2277 4021 Quod
2308 3974 2364 4008 se
2390 3954 2618 4008 valuisse
2642 3951 2764 4022 Epi-

1726 4053 1955 4106 gnomus
1979 4035 2081 4092 ait,
2109 4037 2303 4106 gratias
2318 4034 2421 4086 ille
2450 4034 2584 4103 agit,
2610 4030 2759 4102 quasi

1726 4115 1905 4167 omnia
1928 4115 2095 4167 fausta-
2118 4127 2175 4168 et
2194 4115 2517 4186 optatissima
2536 4111 2645 4166 sibi·
2659 4125 2757 4182 per

1726 4211 1847 4248 eum
1878 4194 2235 4266 contigissent.
