3067 5017
570 377 711 477 376

1345 382 1909 452 TRINUMUS
1934 436 1951 463 ‚

557 525 755 588 cam..
806 502 1156 596 Numquid
1200 501 1346 571 vis?
1385 525 1559 574 Mne.
1606 507 1819 574 Cures
1856 518 2041 572 tuam
2082 503 2307 572 fidem.
2356 529 2556 575 CALL.
2608 509 2719 576 Fit

859 610 1112 682 seduIO.

2642 638 2719 678 15⁵

567 747 738 794 mee.
765 722 898 793 Sed
925 723 1090 818 quid
1125 722 1267 791 ais?
1295 746 1492 792 cam„
1518 723 1713 811 Quid
1759 721 1894 792 vis?
1933 747 2119 794 Muc.
2164 724 2303 792 Ubi
2344 750 2527 794 nuuc
2554 725 2717 794 adu-

859 832 1110 904 lescens
1151 831 1404 902 habet?

565 965 770 1014 GALL.
821 942 1230 1014 Posticulum
1271 943 1401 1012 hoc
1440 944 1728 1037 recepit,
1770 969 1977 1039 quom
2023 944 2219 1014 aedeis
2263 943 2589 1014 vendidit.

565 1078 741 1124 MEG.
772 1057 966 1124 Istuc
995 1052 1296 1123 volebam
1343 1053 1514 1122 scire
1548 1079 1564 1121 ε
1600 1056 1619 1120 i
1661 1079 1823 1123 sane
1868 1079 2050 1122 nuuc
2089 1053 2254 1148 jam.

567 1165 701 1235 Sed
730 1165 894 1260 quid
924 1163 1063 1233 ais?
1091 1188 1296 1234 esu..
1330 1164 1571 1254 Quid?
1598 1189 1777 1234 MEG.
1805 1167 2011 1235 Nunc
2037 1168 2234 1260 virgo
2264 1191 2504 1259 nempe
2536 1167 2721 1259 apud

862 1290 927 1344 te
968 1274 1108 1344 est?
1143 1299 1348 1345 CALL.
1393 1280 1496 1345 Ita
1522 1329 1543 1361 ‚
1574 1289 1675 1344 est
1706 1301 1723 1344 :

565 1391 898 1480 Juxtaque
937 1411 1084 1456 eam
1128 1411 1292 1456 curo
1325 1411 1478 1456 curn
1513 1411 1682 1456 mea.
1730 1409 1907 1456 Meo.
1952 1389 2161 1456 Recte
2202 1387 2381 1456 faciS.
2648 1407 2723 1446 ¹⁰0

571 1522 766 1568 CALL.
806 1499 1028 1585 Num,
1066 1498 1462 1592 priusquam
1497 1496 1704 1585 abeo,
1734 1521 1841 1566 me
1879 1497 2279 1590 rogaturus?
2310 1521 2487 1566 MEG.
2530 1496 2719 1600 Vale.

2374 1633 2584 1685 (Callicles
2602 1633 2725 1686 abit.)

572 1712 756 1786 Nihil
795 1727 894 1782 est
931 1711 1236 1807 profecto
1275 1711 1548 1780 stultius
1574 1765 1593 1800 ,
1638 1738 1855 1808 neque
1892 1712 2241 1801 stolidiuS‚

569 1822 807 1917 Neque
843 1821 1422 1917 mendaciloquius
1447 1877 1466 1903 ‚
1498 1847 1717 1916 neque
1748 1837 2066 1918 argutum
2108 1823 2353 1917 magiS,

571 1939 807 2028 Neque
845 1931 1514 2027 confidentiloquiuS‚
1554 1958 1774 2026 neque
1812 1935 2148 2028 perjurius
2171 1986 2190 2021 ‚

531 2053 540 2062 '
573 2046 796 2134 Quam
847 2042 1086 2111 urbani
1116 2041 1363 2112 assidui
1403 2043 1606 2112 civeis
1632 2097 1651 2129 ‚

1692 2069 1861 2136 quos
1904 2069 2167 2114 scurras
2213 2059 2477 2114 vocant.
2604 2047 2611 2051 ’
2648 2065 2722 2104 ι65

572 2162 791 2248 Atque
829 2166 1095 2248 egomet
1125 2177 1232 2220 me
1269 2151 1437 2220 adeo
1473 2177 1629 2221 cum
1664 2139 1796 2222 illis
1829 2180 1962 2224 una
2000 2154 2250 2224 ibidem
2291 2155 2525 2243 trah0‚

666 2383 793 2438 155.
820 2381 1076 2455 Numquid
1098 2385 1218 2434 vis?
1249 2382 1494 2454 Amph]
1512 2421 1529 2449 ,
1556 2383 1610 2447 3,

583 2471 677 2528 44.
715 2495 796 2505 —
839 2462 990 2516 Cures
1039 2473 1168 2513 tuam
1203 2461 1376 2533 fidem.
1423 2462 1609 2515 Serves

577 2555 724 2596 tuam
754 2543 964 2596 famam.
986 2541 1114 2594 vid.
1145 2533 1281 2596 infra
1307 2543 1390 2608 11,
1425 2560 1478 2606 ι,
1514 2543 1608 2596 35.

665 2623 794 2675 156.
827 2618 930 2674 Sed
953 2622 1072 2693 quid
1099 2625 1218 2674 ais?
1250 2621 1370 2675 Aul.
1399 2623 1503 2688 lv,
1541 2640 1573 2689 9
1593 2661 1609 2685 ,

573 2703 904 2773 7.—Habet,
929 2701 986 2754 id
1010 2713 1086 2754 est
1099 2700 1121 2766 ⁴,
1169 2702 1394 2754 habitat.
1421 2701 1607 2753 Aulul.

572 2781 718 2836 Prol.
754 2781 805 2836 5.

663 2863 796 2931 157.
822 2860 1119 2912 Posticulum
1146 2860 1235 2911 hoe
1260 2863 1451 2930 recepit.
1483 2861 1529 2912 1.
1560 2879 1608 2913 e.

574 2941 928 3012 posteriorem
974 2938 1168 2992 domus
1210 2951 1418 3009 partem
1465 2959 1607 2992 exce-

566 3034 706 3092 ptam
725 3021 883 3088 fecit,
923 3019 1132 3071 Nonius
1169 3037 1182 3071 τ
1230 3019 1318 3070 vel
1354 3010 1438 3088 (ut
1466 3021 1607 3072 Geli.

573 3101 765 3166 XVII,
801 3097 876 3161 6).
911 3100 1138 3168 Recipere
1173 3098 1452 3168 antiquum
1494 3118 1609 3152 ver-

572 3181 704 3232 bum
731 3180 863 3250 juris
887 3191 983 3231 est.
1009 3179 1122 3232 Cic.
1143 3178 1237 3229 lib.
1263 3179 1322 3230 11
1349 3177 1417 3230 de
1446 3178 1598 3233 Orat.

582 3286 603 3306 -
623 3260 814 3322 Dicet,
863 3271 913 3312 te
940 3276 1104 3328 quum
1149 3257 1286 3310 aedes
1318 3258 1609 3325 venderes,

573 3358 642 3392 ue
669 3340 726 3392 in
753 3338 885 3391 rutis
919 3335 1138 3408 quidem
1169 3349 1220 3389 et
1242 3338 1388 3390 caesis
1410 3338 1605 3391 solium

572 3419 672 3473 tibi
697 3431 976 3490 paternum
1005 3417 1265 3487 recepisse
1293 3442 1316 3467 a
1363 3435 1377 3469 :
1411 3417 1609 3489 quibus

570 3499 702 3551 locis
718 3501 922 3568 recipere
941 3515 1042 3568 pro
1063 3500 1276 3566 excipere
1295 3510 1605 3568 usurpatur.

573 3579 829 3632 Bunaeus

661 3677 682 3712 1
699 3665 786 3710 tio.
809 3658 1069 3727 Juxtaque.
1094 3656 1218 3708 Aul.
1239 3657 1342 3720 IV,
1376 3675 1432 3726 7,
1470 3675 1494 3709 1
1509 3696 1522 3709 .

613 3727 628 3736 ’
659 3740 787 3792 163.
808 3736 1074 3806 Argutum,
1104 3735 1473 3800 multisonam,
1495 3736 1601 3788 lin-

571 3837 674 3888 gua
699 3817 896 3870 celere.

659 3902 783 3960 164.
809 3898 1079 3966 Pet-jarius.
1107 3893 1228 3955 Mil.
1251 3896 1297 3960 1,
1330 3912 1376 3955 1,
1407 3913 1501 3948 ²1.

659 3976 792 4032 165.
829 3976 1015 4028 Urbani
1041 3976 1236 4028 adsidui
1265 3976 1425 4028 civeis.
1446 3975 1601 4027 Adsi-

568 4059 692 4108 duus
716 4075 823 4106 nou
851 4056 970 4119 hic,
1013 4068 1072 4106 ut
1098 4055 1152 4106 in
1185 4053 1469 4108 duodecim
1489 4055 1597 4106 Ta-

565 4138 705 4189 bulis
765 4153 864 4204 pro
911 4134 1133 4186 homine
1181 4135 1480 4204 locuplete,
1530 4134 1598 4189 de

1698 2403 1809 2456 quo
1857 2385 2063 2440 Gellius
2101 2386 2196 2438 lib.
2244 2385 2412 2448 XVI,
2460 2402 2579 2452 cap.
2625 2402 2721 2436 10:

1695 2463 1790 2517 sed
1837 2465 2066 2537 junctim
2118 2465 2293 2534 urbani
2347 2465 2541 2516 adsidua·
2558 2503 2573 2526 ,
2630 2463 2725 2534 qui

1698 2559 1963 2616 perpetuo
1999 2545 2148 2598 urbis
2174 2544 2347 2599 solum
2376 2554 2555 2596 terunt
2571 2582 2588 2607 ,
2612 2562 2726 2594 non

1698 2627 1953 2696 majorem
2001 2638 2207 2695 partem
2251 2625 2571 2677 rusticamur
2594 2662 2609 2687 ,
2668 2634 2727 2675 ut

1698 2704 2053 2760 honestissimi
2097 2706 2298 2776 quique
2338 2706 2724 2756 Romanorum.

1698 2782 1841 2838 Vide
1878 2783 1946 2838 de
1974 2804 2165 2856 pecun.
2194 2797 2298 2836 vet.
2328 2784 2418 2835 lib.
2453 2783 2557 2848 lv,
2589 2801 2634 2834 c.
2669 2801 2723 2850 9.

1698 2864 1880 2917 Gnon.
1900 2898 1981 2908 —
2004 2863 2228 2917 Scurrae.
2253 2861 2413 2935 Epid.
2434 2864 2481 2926 Ι,
2516 2881 2567 2925 1,
2592 2862 2683 2915 13.

1785 2947 1915 2998 166.
1975 2945 2085 2998 Una
2126 2944 2297 2996 ibidem
2341 2943 2495 2994 traho.
2540 2941 2728 2994 Innuit

1695 3041 1808 3076 sese
1824 3026 1945 3094 jure
1967 3023 2153 3078 iisdem
2181 3021 2564 3076 accensendum
2580 3039 2692 3074 esse
2708 3061 2727 3086 ,

1696 3121 1830 3173 quos
1874 3104 2044 3157 modo
2084 3104 2437 3174 exagitaverat
2480 3120 2722 3166 scurras3

1696 3196 1785 3234 aut
1810 3183 1995 3237 saltem
2027 3183 2095 3235 ab
2128 3202 2320 3236 eorum
2347 3181 2587 3234 moribus
2612 3199 2723 3232 non

1694 3261 1829 3316 adeo
1855 3262 2011 3333 longe
2038 3263 2220 3314 abesse
2237 3299 2253 3326 ,
2280 3260 2426 3332 quod
2455 3273 2561 3314 tam
2596 3260 2725 3313 faci·

1691 3341 1769 3394 les
1786 3360 1973 3395 eorum
1994 3342 2421 3413 stultiloquentiae
2448 3359 2602 3393 aures
2627 3339 2724 3392 de·

1692 3419 1873 3476 disset.
1910 3423 2045 3474 Item
2077 3422 2171 3474 inf.
2200 3424 2276 3486 11,
2297 3427 2328 3484 4
2350 3459 2369 3485 ,
2398 3419 2492 3473 ubi
2524 3421 2724 3472 Lesbo·

1690 3501 1843 3554 nicus
1856 3521 1975 3554 cum
1990 3519 2142 3554 servo
2157 3502 2418 3554 rationem
2436 3500 2729 3570 putat‚qui-

1691 3581 1791 3634 bus
1834 3581 1890 3632 in
1928 3583 2087 3634 rebus
2128 3601 2196 3633 11.
2236 3581 2407 3633 minas
2444 3579 2725 3644 sumsiset,

1690 3659 2005 3731 respondet,
2045 3661 2217 3713 ibidem
2246 3680 2343 3712 una
2378 3661 2516 3711 traho
2540 3677 2560 3706 .·
2602 3658 2725 3730 qui-

1690 3740 1789 3792 bus
1822 3739 2115 3812 significat,
2158 3760 2215 3794 se
2246 3740 2449 3792 ibidem
2494 3757 2639 3804 esse,
2672 3752 2728 3792 et

1689 3819 1747 3870 in
1774 3837 1870 3884 eo,
1898 3833 2155 3890 quantum
2186 3820 2380 3872 scortis
2418 3819 2598 3872 datum
2642 3837 2726 3870 es·

1688 3909 1797 3961 set,
1824 3899 2202 3970 supputando,
2239 3901 2401 3952 etiam
2446 3898 2724 3969 occupari.

1687 3979 1942 4032 Tractum
2008 3979 2177 4032 videri
2236 3980 2403 4051 possit
2452 3997 2483 4028 a
2527 3977 2725 4029 vetulis

1685 4076 1900 4129 pompae
1922 4059 2086 4112 alicui
2108 4061 2281 4130 longoe
2303 4057 2577 4124 immixtis,
2592 4075 2728 4108 una-

1689 4155 1796 4208 que
1828 4156 1951 4191 cum
1986 4140 2102 4192 aliis
2124 4139 2471 4210 reptantibus.
2493 4137 2725 4190 Tuum..
