3067 5017
801 452 1136 522 ACTUS
1184 454 1356 539 111,
1406 450 1748 526 SCENA
1818 460 1925 527 II.
2002 404 2011 413 ·
2291 462 2429 550 243

287 572 481 643 Nunc
513 596 722 667 quam
759 572 846 641 ad
881 582 1023 643 rein
1060 573 1278 643 dicam
1313 576 1444 645 hoc
1474 576 1779 650 adtinere
1818 584 2151 653 somnium
2172 635 2193 673 ,

284 686 650 778 Nunquam
690 684 890 753 hodie
924 686 1107 778 quivi
1143 686 1228 754 ad
1269 686 1719 780 conjecturam
1746 692 2049 763 evadere.
2378 732 2426 758 ι..

281 794 409 862 Sed
447 795 613 890 quid
659 795 813 863 heic
847 796 918 863 in
954 797 1236 867 Veneris
1274 797 1431 867 fano

282 903 614 975 Clamoris
650 904 911 974 oritur?
951 907 1213 976 animus
1256 909 1478 977 mirat.

735 1101 1182 1191 SCENA
1261 1098 1835 1192 SECUND
1864 1106 1961 1192 A.

796 1323 1326 1391 TRACHALIO
1343 1371 1364 1409 ,
1408 1325 1900 1397 DAEMONES.

269 1542 530 1591 TRAcn.
557 1522 719 1604 Pro,
742 1519 1178 1611 Cyrenenseis
1203 1516 1585 1614 popular-eis
1612 1517 1626 1588 ἕ
1664 1535 1959 1591 vostram
1992 1546 2119 1619 ego
2155 1519 2425 1620 inploro

563 1627 770 1697 fidem
792 1680 812 1715 ,
875 1666 882 1673 ·

267 1738 628 1836 Agricolae,
671 1736 958 1825 adcolae,
997 1738 1365 1833 propinqui
1398 1740 1518 1833 qui
1556 1740 1712 1809 estis
1750 1739 1854 1809 his
1892 1742 2318 1837 regionibuS,

267 1852 456 1919 Ferte
482 1873 686 1944 opem
723 1847 1007 1942 inopiae,
1035 1862 1236 1942 atque
1269 1849 1653 1943 exemplum
1686 1874 2075 1943 pessumum
2106 1879 2411 1951 pessum-

559 1959 749 2043 date,

261 2068 666 2139 Vindicate:
709 2092 794 2136 ne
831 2067 1174 2161 inpiorum
1217 2068 1442 2162 potior
1479 2069 1567 2137 sit
1611 2067 1967 2163 pollentia,

259 2179 485 2268 Quam
505 2177 972 2247 innocentium
989 2230 1012 2261 ,
1039 2178 1154 2270 qui
1181 2203 1250 2246 se
1267 2177 1685 2247 scelererfieri
1704 2178 1950 2249 nolunt
1969 2183 2328 2277 -gnobileis.
2390 2213 2411 2250 ε

255 2294 543 2362 Statuite
575 2289 960 2385 exemplum
991 2290 1380 2384 inpudenti,
1416 2291 1568 2359 date
1601 2291 1847 2385 pudori
1875 2298 2262 2388 praemium,

257 2404 480 2473 Facite
519 2403 668 2471 heic
698 2400 846 2495 lege
883 2401 1106 2495 potius
1144 2400 1373 2499 liceat,
1417 2427 1621 2498 quam
1662 2404 1759 2489 vi,
1804 2404 1979 2473 victo
2017 2409 2256 2479 vivere.

255 2516 524 2584 Currite
557 2513 692 2582 huc
736 2514 808 2581 in
849 2514 1131 2584 Veneris
1176 2512 1409 2583 fanum
1447 2538 1468 2583 ε
1511 2528 1807 2583 vostram
1848 2515 2095 2587 iterum
2136 2520 2402 2615 inploro

548 2623 783 2711 fidem,

251 2734 386 2823 Qui
423 2758 640 2829 prope
669 2734 818 2803 heic
851 2733 1094 2802 adestis
1115 2787 1135 2822 ,
1165 2734 1418 2828 quique
1449 2733 1698 2803 auditis
1734 2730 2099 2805 clamorem
2138 2764 2361 2821 meum
2380 2797 2399 2829 ,

250 2849 439 2915 Ferte
467 2845 839 2938 subpetiaS‚
884 2845 1002 2937 qui
1031 2844 1279 2914 Veneri
1302 2896 1320 2928 ‚
1340 2846 1781 2939 Veneriaeque
1808 2844 2122 2915 antistitae

250 2959 440 3027 More
473 2957 754 3050 antiquo
787 2956 858 3024 in
904 2953 1278 3023 custodiam
1312 2978 1509 3023 suum
1546 2956 2005 3023 conmiserunt
2046 2973 2282 3051 caput,
2361 3000 2369 3013 ·

250 3069 700 3160 Praetorquete
717 3065 978 3158 injuriae
1001 3066 1188 3159 prius
1211 3062 1460 3133 collum
1481 3116 1500 3152 ,
1529 3088 1732 3157 quam
1759 3063 1845 3133 ad
1881 3089 1997 3135 vos
2024 3069 2391 3159 perveniat.

331 3286 398 3339 ¹9
420 3305 437 3332 ,
466 3286 552 3321 πο.
590 3265 736 3318 Nunc
766 3283 938 3338 quam,
973 3277 1073 3317 etc.
1111 3260 1266 3317 Ordo
1360 3260 1506 3319 Vide
1533 3262 1747 3334 Captiv.
1768 3274 1876 3316 sict.
1902 3263 2005 3328 lv,
2026 3282 2099 3319 sc.
2132 3284 2160 3319 2
2177 3304 2193 3331 ,
2212 3268 2265 3320 v.
2294 3269 2388 3337 75.

245 3346 516 3400 sententie
557 3363 572 3397 ε
619 3344 783 3398 hodie
823 3342 1090 3416 conjicere
1125 3362 1271 3397 nun·
1446 3362 1531 3397 xo.
1554 3341 1701 3394 Ferte
1732 3342 1995 3412 subpeee‘as.
2028 3344 2099 3396 Et
2121 3342 2236 3399 hoec'
2266 3348 2390 3417 qui-

245 3445 401 3497 quam
468 3423 623 3498 potui
677 3444 789 3497 quo
857 3425 1118 3496 pertineat
1183 3442 1269 3475 so·
1359 3420 1484 3476 dem
1529 3422 1697 3475 moris
1743 3421 1953 3494 antiqui
2006 3422 2389 3497 religionisque

246 3506 472 3560 mnium.
489 3508 569 3559 De
581 3496 786 3559 ambitu
797 3502 1057 3575 loquendi
1071 3526 1092 3548 ιι
1107 3520 1270 3575 quam
1357 3502 1709 3574 prerogativa
1728 3514 1836 3555 tam
1857 3503 2021 3555 servis
2044 3520 2205 3574 quam
2224 3505 2389 3559 liber-

245 3584 307 3639 ad
335 3604 453 3640 rem
490 3584 665 3639 dicam
702 3584 948 3637 adtinere
969 3610 992 3631 ο
1013 3620 1030 3649 ,
1069 3581 1180 3636 vid.
1209 3584 1268 3647 1,
1355 3582 1426 3635 tis
1454 3582 1763 3635 hominibus
1794 3581 2130 3652 competebat
2154 3602 2168 3635 :
2205 3597 2267 3637 ut
2296 3585 2387 3639 hio

246 3665 294 3732 3,
321 3666 374 3731 5,
400 3678 456 3719 et
482 3666 602 3719 Mil.
622 3662 730 3731 IV,
766 3662 822 3727 5,
853 3685 906 3718 α.
1354 3672 1596 3733 apparet.
1629 3684 1652 3709 ι
1674 3661 1775 3714 Hic
1799 3679 1905 3715 ιιι-ω
1929 3674 2052 3714 sunt
2071 3700 2086 3726 ‚
2122 3662 2213 3715 hic
2244 3664 2353 3718 foci
2370 3702 2387 3732 ‚

318 3750 370 3801 6.
394 3744 612 3800 Statuite
638 3744 841 3814 exempl.
868 3747 968 3813 inp.
994 3742 1178 3797 Facite
1199 3753 1260 3795 ut
1353 3739 1444 3793 hic
1462 3738 1541 3793 dii
1560 3748 1798 3811 penates,
1818 3740 1908 3794 hic
1930 3757 2093 3793 sacra
2110 3741 2387 3813 religionis

240 3823 359 3879 inde
393 3826 466 3879 sit
500 3825 815 3895 exemplum
845 3823 1074 3876 scelestae
1101 3820 1263 3875 auda-
1346 3819 1651 3875 cerimoniae
1674 3819 2021 3875 cont'menun·
2038 3839 2051 3872 z
2071 3821 2177 3874 hoc
2198 3825 2384 3892 perfu-

241 3904 358 3970 ciae,
422 3924 494 3959 ne
563 3916 748 3975 postea
805 3900 1098 3975 quidquam
1155 3902 1260 3955 tale
1345 3901 1494 3973 gium
1524 3913 1601 3953 est
1634 3900 1705 3954 ita
1732 3911 1973 3954 sanctum
1998 3900 2281 3969 omnibus,
2318 3916 2383 3959 nt

241 3984 550 4039 committat.
869 4038 874 4045 ,
1329 3978 1476 4032 ‘inde
1524 3978 1698 4049 abripi
1758 3978 2031 4033 neminem
2088 3980 2164 4035 fas
2224 3984 2293 4037 sit
2324 4012 2373 4037 ι.

315 4084 367 4135 7.
395 4064 546 4117 Victo
569 4065 734 4116 vivere
758 4060 793 4113 i.
826 4080 878 4133 q.
917 4060 1144 4131 simplex
1180 4063 1259 4111 vi·
1345 4058 1715 4113 Ram—vid.
1741 4056 1973 4112 Mostell.
1994 4058 2066 4120 V,
2108 4080 2159 4125 1,
2183 4063 2277 4125 45.
2299 4094 2381 4107 ...-

243 4164 350 4201 ver-e.
376 4147 526 4201 Victo
555 4156 636 4197 est
667 4139 959 4196 ablativum
985 4159 1086 4211 pro
1104 4143 1259 4193 victu.
1353 4140 1456 4209 Qus·
1478 4139 1689 4203 Veneri,
1717 4152 1817 4195 etc.
1844 4138 2050 4209 Supple
2073 4140 2192 4195 iltis.

1986 4234 2095 4306 16.
