3067 5017
509 423 654 494 620
1155 433 1252 500 M.
1293 435 1592 506 Accu
1642 435 2017 506 PLAUTI

511 545 760 614 fabulas
792 549 1156 638 Plautinas,
1179 577 1340 644 quas
1371 555 1641 624 hortatu
1670 573 1825 639 tuo,
1844 557 2189 626 Francisce
2206 605 2227 640 ,
2244 559 2544 626 misimus
2566 561 2653 628 ad

517 651 850 743 Principes
902 657 1188 744 optimos
1237 676 1386 725 tuos
1409 709 1428 742 ‚
1487 660 1843 750 discipulos
1892 661 2201 730 vilhelmi
2240 665 2370 730 mei
2412 687 2430 728 ε
2473 687 2655 734 nunc

514 759 630 824 has
676 761 904 826 alteras
939 786 1052 830 sex
1091 765 1478 834 tradidimus
1517 767 1969 857 exprimendas
2005 771 2351 838 Valentino
2386 787 2615 838 nostro
2635 821 2653 854 ,

515 862 688 933 fideli
721 883 788 934 et
817 867 1080 936 assiduo
1113 871 1376 956 artifici,
1411 895 1576 961 quas
1604 873 1690 942 ad
1730 875 1829 940 Te
1862 876 2273 964 peculiariter
2308 875 2657 944 mittendas

511 991 650 1065 esse
685 970 992 1039 duximus
1021 1007 1070 1042 n.
1103 978 1184 1042 Et
1218 1002 1282 1067 p.
1320 1001 1450 1067 907
1483 980 1661 1044 idem
1694 981 1913 1069 inquit
1946 1005 1963 1046 ε
1994 1013 2020 1038 κ
2042 981 2250 1050 Editae
2282 983 2479 1052 etiam
2507 982 2655 1048 fue-

507 1093 666 1142 runt
695 1079 1056 1154 emenda-tae
1097 1105 1134 1148 a
1169 1107 1274 1152 me
1323 1084 1561 1152 fabulae
1598 1109 1750 1167 sex,
1788 1101 1941 1154 ante
1974 1085 2227 1176 aliquot
2254 1111 2463 1157 annos
2486 1135 2505 1171 ,
2546 1110 2655 1152 me

507 1182 878 1250 nesciente:
914 1186 1014 1251 hae
1046 1189 1591 1278 recognoscendae
1627 1190 1872 1260 scilicet
1898 1209 2094 1262 erunt
2116 1193 2503 1260 :restabunt
2532 1194 2657 1284 igi-

509 1301 621 1354 tur
659 1304 787 1356 tres
808 1337 827 1372 ,
864 1308 984 1360 etc.
1019 1323 1048 1350 υ
1083 1295 1255 1383 Lips.
1284 1318 1328 1382 9
1367 1295 1681 1362 calendas
1714 1298 2124 1386 septembris.

606 1393 773 1482 1547
809 1397 1158 1488 Lugduni,
1219 1399 1469 1492 Gryph.
1517 1425 1621 1470 12.
1652 1439 1745 1454 —-·
1774 1403 2119 1472 comoediae
2157 1405 2423 1494 viginti,
2478 1405 2657 1494 apud

511 1497 960 1570 Sebastianum
1003 1505 1502 1595 Gryphium.-—
1530 1509 1649 1578 Est
1674 1510 1741 1574 in
1768 1507 1931 1578 Bibl.
1963 1510 2327 1578 Academiae
2358 1510 2657 1576 Heidelb.

604 1607 770 1694 1549
804 1610 1152 1700 Lugduni,
1199 1614 1336 1680 in-1
1351 1637 1410 1681 2.
1441 1615 1535 1682 Μ.
1566 1608 1747 1682 Accii
1778 1615 1993 1684 Plauti
2022 1616 2372 1686 Comoediae
2402 1617 2659 1706 viginti.

507 1713 850 1801 Lugduni,
887 1717 1064 1805 apud
1095 1719 1244 1788 seb.
1276 1719 1673 1809 Gryphium.

599 1818 768 1890 1550
815 1823 1111 1907 Basileae,
1144 1825 1325 1908 in-8,
1361 1849 1465 1914 ap.
1503 1827 1923 1917 Hervagium.

719 2041 994 2110 AETAs
1043 2043 1195 2125 111,
1256 2000 1711 2113 155121605
1767 2045 2453 2115 CAMERARIANA.

599 2249 819 2315 Joach.
853 2250 1028 2316 enim
1067 2255 1472 2318 Camerarius
1497 2302 1515 2337 ,
1546 2254 1782 2320 fabulis
1809 2255 1902 2320 Vl
1921 2255 2051 2336 jam
2090 2253 2172 2318 ab
2211 2277 2317 2322 an.
2360 2251 2561 2336 1536,
2590 2271 2661 2320 et

507 2355 646 2422 aliis
683 2359 742 2423 V
773 2358 1262 2448 iterumque-VI
1293 2361 1376 2425 ab
1411 2383 1520 2428 an.
1562 2359 1729 2439 1545
1766 2359 2174 2448 emendatius
2206 2359 2429 2442 editis,
2468 2359 2658 2424 deni-

507 2487 640 2552 que
669 2487 898 2531 omnes
935 2465 1086 2532 istas
1119 2466 1356 2554 partim
1387 2467 1755 2556 recognitas
1784 2489 1939 2534 cum
1970 2465 2181 2534 tribus
2209 2465 2469 2554 reliquis
2506 2489 2660 2530 con-

502 2569 986 2650 junctas-anno
1039 2558 1239 2654 1551,
1297 2572 1402 2638 vel
1455 2573 1789 2661 sequenti,
1842 2571 2101 2637 Basileae
2158 2572 2247 2638 ita
2292 2571 2532 2654 edidit,
2583 2590 2660 2638 ut

507 2700 752 2744 novum
787 2676 1042 2742 dedisse
1081 2678 1388 2745 Plautum
1423 2677 1789 2759 videretur,
1829 2678 2115 2744 Grutero
2146 2677 2361 2744 dictus
2410 2678 2663 2765 primus.

509 2784 860 2874 sospitator
881 2784 1113 2850 Plauti.
1129 2785 1348 2850 Altera
1377 2785 1516 2865 ejus
1550 2784 1751 2850 editio
1773 2785 1960 2850 Basil.
1996 2782 2163 2850 1558
2192 2784 2385 2850 etiam
2408 2784 2661 2850 auctior

507 2907 607 2975 est
633 2890 1007 2982 fragmentis
1031 2913 1070 2957 a
1095 2889 1380 2981 Georgio
1414 2890 1716 2958 Fabricio
1750 2889 2035 2960 collectis
2055 2938 2075 2972 ,
2108 2890 2297 2970 cujus
2330 2890 2503 2954 curis
2522 2891 2659 2970 jam

510 3012 661 3062 ante
697 2997 766 3062 in
807 2997 1038 3062 Plauto
1071 2995 1330 3064 edendo
1361 3020 1520 3062 usus
1550 3013 1686 3062 erat
1714 3020 1731 3062 ε
1770 2997 1959 3062 tertia
1990 3019 2147 3062 vero
2186 2998 2284 3062 Jo.
2318 2995 2655 3076 sambuci,

511 3105 692 3170 MSS.
741 3103 955 3169 divitis
983 3151 1004 3186 ,
1049 3104 1458 3170 Plautiniana
1517 3090 1687 3170 '1566
1715 3150 1733 3185 ,
1786 3103 1975 3169 Obss.
2014 3105 2156 3170 Car.
2195 3102 2461 3191 Langii,
2499 3100 2659 3167 Adr.

505 3210 831 3292 Tui-nebi,
846 3212 930 3274 H.
949 3211 981 3274 J
985 3210 1128 3276 unii
1151 3211 1538 3299 locupletior
1552 3227 1685 3293 est3
1705 3233 1907 3299 quam
1926 3210 2281 3298 insequuta
2304 3224 2403 3276 est
2426 3223 2659 3296 quarta

507 3318 683 3382 Caelii
729 3318 1012 3383 Secundi
1061 3319 1363 3384 Curionis
1399 3318 1567 3384 1568
1600 3319 2000 3400 Basiliensis,
2072 3318 2319 3400 adjecta
2362 3317 2657 3406 priorum

506 3425 681 3488 curis
720 3424 970 3492 habens
1006 3424 1209 3489 Andr.
1235 3427 1468 3490 Alciati
1502 3425 1794 3490 libellum
1826 3423 1909 3489 de
1946 3424 2400 3488 Plautinorum
2434 3423 2661 3488 carmi-

508 3554 672 3594 num
711 3531 959 3595 ratione
996 3547 1062 3596 et
1101 3531 1351 3595 lexicon
1406 3529 1809 3620 Plautinum.
1862 3530 2233 3594 Camerario
2287 3527 2662 3618 supervenit
2712 3527 2722 3534 ’

506 3638 704 3703 Dion.
747 3637 1138 3721 Lambinus»,
1189 3638 1571 3725 collatisque
1615 3637 1799 3702 libris
1846 3637 2097 3725 scriptis
2144 3655 2207 3702 et
2263 3635 2451 3700 editis
2505 3633 2659 3698 novi

509 3744 783 3832 exempli
865 3760 932 3808 et
1004 3744 1460 3808 commentarii
1523 3761 1755 3808 auctor
1836 3745 2099 3808 futurus
2121 3791 2139 3818 ‚
2224 3740 2337 3805 sed
2426 3739 2659 3804 studiis

505 3852 643 3932 ejus
669 3851 736 3913 in
763 3849 977 3913 fabula
1002 3851 1166 3914 XIII
1193 3849 1567 3937 supervenit
1600 3872 1775 3913 mors
1798 3897 1817 3929 ,
1849 3869 2149 3938 opusque
2186 3845 2659 3910 absolvendum

505 3957 770 4046 reliquit
784 3956 1026 4022 Jacobo
1051 3955 1271 4038 Heliae,
1307 3956 1509 4021 Graec.
1531 3957 1653 4021 LL.
1686 3956 1954 4020 Doctori
1984 3955 2163 4042 regio
2186 3952 2385 4016 Paris.
2414 3953 2661 4034 Quam.-

502 4066 598 4130 vis
648 4080 866 4128 autem
915 4060 1367 4127 desiderentur
1415 4064 1486 4126 in
1546 4086 1659 4127 eos
1698 4061 1999 4126 secundae
2046 4065 2147 4125 vel
2199 4059 2405 4125 tertiae
2454 4081 2655 4138 curae,

503 4193 742 4238 nomen
793 4187 1010 4260 tamen
1051 4169 1550 4235 Lambinianum
1589 4193 1667 4234 eo
1719 4169 1966 4252 valuit,
1992 4184 2067 4232 ut
2104 4189 2311 4256 quum
2360 4165 2645 4254 primum
