3067 5017
980 442 1663 511 FRAGMENTA.

2261 432 2404 531 517

252 564 406 651 Pol,
454 564 540 634 ad
588 563 1007 647 cubiturum,
1039 580 1277 653 mater,
1316 588 1508 659 mage
1543 586 1693 632 sum
1730 560 2018 631 exercita
2036 612 2061 641 ,Α

253 679 479 766 Quam
520 674 608 745 a'd
646 700 1034 761 cursuram3
1075 677 1220 742 'sum
1260 673 1700 745 tardiuscula.

252 788 439 875 Quid
494 801 681 856 tuam
718 786 1002 854 amicam
1042 786 1275 873 times,
1305 811 1389 855 ne
1433 801 1499 855 te
1535 782 1847 853 manulea
1892 782 2085 850 caiet.
2358 806 2410 847 ιι

252 898 573 967 Prohibet
610 896 861 964 divitiis
904 897 1271 983 maxumi8‚
1312 896 1470 965 dote
1510 893 1680 965 altili
1724 908 1926 987 atque
1963 891 2210 985 opima.

250 1006 702 1101 Expurgab0‚
738 1003 964 1073 hercle
994 1059 1016 1092 ,
1055 1008 1281 1075 omnia
1319 1006 1405 1075 ad
1442 1030 1712 1075 raucam
1754 1003 1990 1071 ravim.

253 1119 425 1206 Quae
466 1117 665 1211 quasi
702 1114 1065 1183 carnuficis
1104 1116 1462 1211 angiporta
1497 1116 1870 1209 purgitanS.

251 1231 444 1297 Intro
488 1226 571 1295 ad
608 1227 859 1295 honam
899 1226 1323 1295 meretricem
1359 1253 1373 1295 :
1417 1224 1633 1294 adstat
1685 1249 1760 1293 ea
1799 1222 1866 1292 iu
1910 1221 2016 1289 via

251 1336 408 1408 Sola
441 1364 459 1407 :
493 1334 868 1431 prostibula
906 1324 1075 1405 sane'
1102 1338 1237 1405 est.
1268 1391 1285 1405 .
1318 1390 1333 1405 .

253 1448 627 1516 Meminere
660 1444 975 1538 opficium
1018 1472 1235 1515 suum.

252 1556 470 1627 Potin'
499 1580 569 1624 es
606 1572 680 1624 tu
713 1556 920 1625 homo
965 1555 1226 1625 facinus
1263 1554 1483 1624 facere
1532 1554 1924 1623 strenuum?

254 1692 322 1737 Ν.
386 1666 705 1736 Aliorum.
732 1680 833 1735 est
866 1665 1143 1735 adfatim
1185 1668 1301 1760 qui
1341 1666 1640 1735 faciant:
1687 1689 1846 1733 sane
1885 1688 2014 1760 ego

250 1779 367 1849 Me
411 1776 564 1845 volo
601 1776 843 1846 fortem
886 1776 1552 1870 perhiberier'virum
1575 1827 1786 1843 .....

250 1886 445 1969 Tun’,
496 1900 657 1972 tune
702 1887 931 1982 igitur,
967 1910 1113 1955 mea
1162 1885 1572 1957 matercula?

251 1998 588 2065 Germana
629 2022 772 2065 mea
816 1996 1182 2067 sororcula.
1287 2001 1293 2009 “

252 2106 322 2175 Si
360 2105 637 2198 quidem
674 2107 939 2199 inperes
975 2132 1100 2199 pro
1137 2106 1372 2198 copia,
1419 2130 1546 2200 pro
1583 2106 1830 2176 recula.

250 2220 541 2289 Datores
573 2216 939 2286 bellissumi
982 2206 1309 2315 negotioli
1338 2219 1590 2286 senecis
1634 2216 1857 2287 soletis
1894 2241 2059 2285 esse.

249 2456 377 2511 edd.
396 2480 420 2503 ι
442 2459 551 2527 Qui
574 2460 678 2511 nisi
704 2460 871 2513 ituros
894 2486 941 2513 ι.
965 2460 1291 2514 Bothianam·

252 2536 521 2591 dedimus.
550 2540 608 2591 V
602 2541 812 2609 egr-andi
827 2581 843 2603 ,
872 2540 1103 2593 minuto.

338 2620 430 2671 13.
462 2619 563 2671 Pol
576 2659 591 2680 ,
637 2632 738 2672 etc.
766 2621 1000 2673 Versum
1042 2619 1195 2673 hunc
1230 2634 1288 2673 et

250 2711 497 2768 sequent.
520 2698 664 2770 apud
691 2700 929 2752 Nonium
956 2702 1091 2752 voce
1119 2719 1283 2752 cursus

257 2779 504 2849 querito,

338 2865 427 2921 14.
468 2860 631 2926 Quam
660 2859 759 2922 ad,
810 2871 911 2911 etc.
943 2857 1083 2911 Edd.
1118 2858 1287 2909 Nonii

251 2936 381 2991 dant
433 2965 454 2985 ι
476 2939 653 3003 Quam
701 2958 729 2991 a
782 2955 1000 2990 cursura
1034 2964 1055 2985 ι
1079 2976 1093 3001 ,
1142 2936 1287 2991 uude

250 3017 518 3070 Meursius
552 3036 763 3071 versum
794 3016 969 3070 reficit
1000 3036 1015 3069 t
1061 3042 1083 3063 α
1116 3020 1161 3069 Α
1204 3028 1285 3075 tc,

252 3114 415 3168 quam
454 3096 524 3150 ad
560 3116 873 3151 cursuram:
915 3115 980 3150 eo
1018 3116 1137 3150 sum
1181 3110 1289 3149 tar-

248 3174 491 3230 diuscula
520 3203 569 3229 ι.

338 3257 429 3311 15.
463 3256 603 3325 Quid
628 3268 757 3307 mam
776 3297 791 3321 ,
837 3268 938 3308 etc.
979 3254 1123 3327 apud
1155 3256 1197 3308 F
1202 3256 1276 3308 ul·

250 3335 491 3407 gentium
512 3376 526 3401 ,
578 3335 647 3388 de
684 3336 1008 3389 continentia
1039 3336 1273 3405 Virgilii.

252 3444 333 3455 —-
358 3415 521 3468 Caice.
546 3417 781 3479 Caiatio,
808 3416 1033 3485 puerilis
1060 3414 1275 3469 diceba-

253 3506 341 3545 tur
362 3495 683 3549 verberatio.
712 3498 939 3549 Tumu-

338 3577 427 3627 16.
451 3575 715 3637 Prohibet,
742 3588 840 3628 etc.
866 3574 1012 3647 apud
1038 3575 1276 3627 Nonium

252 3654 475 3707 multila.

336 3752 427 3803 17.
452 3734 759 3805 Expurgaho
776 3774 792 3797 ,
824 3746 925 3789 etc.
953 3732 1099 3805 apud
1132 3734 1276 3787 Non.

252 3831 304 3866 v.
330 3832 479 3867 ravts.
988 3858 991 3865 .

339 3896 429 3947 18.
470 3894 596 3963 Quoe
631 3895 799 3963 quasi,
822 3905 925 3945 etc.
953 3891 1098 3963 apud
1136 3892 1277 3944 Non.

251 3973 725 4043 v.angiportus.Hic
741 3973 796 4027 in
811 3984 1004 4025 neutro
1025 3971 1277 4043 positum.

340 4070 429 4121 19.
454 4054 619 4114 Imm,
650 4064 754 4105 etc.
784 4052 942 4107 Hunc
976 4065 1027 4104 et
1056 4068 1283 4122 sequen-

252 4141 358 4185 tem
386 4150 598 4184 versum
628 4134 843 4203 require
864 4131 1009 4203 apud
1042 4131 1279 4183 Nonium

252 4229 301 4267 ἵ.
326 4212 614 4281 prostibula.
655 4212 741 4265 Sic
772 4209 903 4263 dant
930 4210 1052 4263 edd.
1095 4210 1277 4265 Nonii.

1374 2462 1664 2515 Mercerus'
1693 2460 1919 2529 corrigit
1957 2480 1968 2508 :
2033 2484 2056 2506 ι
2079 2460 2230 2512 Intro
2273 2460 2402 2511 ibo:

1373 2550 1515 2593 uam'
1549 2538 1888 2592 meretricem
1941 2537 2156 2590 adstare
2208 2538 2265 2591 iu
2319 2539 2408 2591 via

1373 2620 1551 2674 Solam
1567 2658 1581 2684 ,
1602 2617 1918 2690 prostibula·
1944 2630 2024 2670 est
2053 2644 2103 2669 ι.

1460 2718 1553 2753 21.
1580 2698 1856 2759 Meminere,
1889 2709 1991 2750 etc.
2021 2695 2166 2767 apud
2195 2696 2339 2749 Non.

1459 2798 1554 2832 22.
1589 2778 1782 2841 Potin⁸‚
1831 2788 1932 2830 etc.
1971 2776 2125 2830 Hanc
2151 2768 2407 2829 versuum

1375 2857 1602 2911 triadem
1663 2855 1904 2911 reddidit
1949 2856 2090 2909 Gen.
2141 2856 2251 2908 VII
2269 2892 2287 2920 ‚
2347 2874 2404 2924 7.

1374 2938 1600 2990 Bothius
1625 2956 1660 2989 c
1678 2938 1852 2991 tribus
1879 2935 2018 2991 duos
2053 2936 2211 3007 fingit
2227 2975 2242 3002 ‚
2270 2950 2406 3005 quo-

1376 3036 1497 3070 rum
1551 3018 1706 3087 prior
1761 3030 1970 3070 tetram.
2020 3016 2190 3068 troch.
2247 3014 2400 3068 catal.

1378 3098 1671 3150 clausuiam
1701 3097 1867 3150 habet
1888 3097 2093 3163 adfinem
2123 3096 2196 3148 ἐι.
2239 3090 2244 3097 ’

1452 3176 1544 3229 25.
1589 3171 1762 3239 Teuc.
1792 3191 1896 3230 etc.
1951 3174 2095 3246 apud
2139 3174 2396 3228 Priscian.

1364 3258 1461 3311 lib.
1489 3258 1608 3321 111,
1632 3274 1686 3325 p.
1721 3260 1786 3309 61
1807 3274 1828 3307 1
1865 3254 1952 3307 ed.
1978 3255 2194 3307 Putsch.

1452 3340 1542 3389 26.
1604 3334 1876 3397 Germana,
1929 3348 2029 3388 etc.
2079 3332 2227 3405 apud
2287 3334 2402 3386 Pri-

1366 3416 1608 3469 scianum
1631 3434 1689 3485 p.
1716 3419 1851 3469 δια.

1454 3514 1544 3565 ²7·
1578 3495 1640 3547 Se·
1679 3496 1899 3565 quidem,
1935 3506 2044 3553 etc.
2073 3490 2216 3563 apud
2247 3510 2405 3545 eum-

1368 3574 1489 3626 dem
1516 3594 1570 3647 p.
1597 3578 1629 3626 6
1647 3594 1664 3627 ι
1681 3575 1926 3627 3.--Ρω
1947 3576 2104 3642 copia.
2137 3572 2261 3624 Aul.
2285 3573 2370 3625 III
2387 3611 2404 3637 ,

1374 3658 1406 3707 6
1430 3693 1445 3718 ,
1500 3654 1552 3707 5.
1583 3684 1660 3695 —-
1697 3654 1912 3718 Recula,
1966 3650 2297 3704 deminutive
2341 3662 2402 3705 ut

1370 3753 1505 3803 spes,
1535 3736 1752 3805 specula.
1775 3734 1955 3787 Casih.
1979 3733 2064 3795 H,
2100 3738 2160 3795 4,
2189 3750 2278 3801 27.

1453 3817 1544 3869 28.
1587 3815 1796 3865 Datores
1810 3850 1828 3875 ,
1853 3826 1954 3869 etc.
1977 3809 2122 3883 apud
2151 3809 2402 3889 eumdem

1369 3912 1464 3965 pp.
1514 3897 1629 3945 616
1657 3934 1670 3957 ‚
1713 3900 1849 3963 724.
1889 3892 2123 3944 Dolores.
2165 3889 2301 3941 Dare
2350 3902 2406 3943 et

1368 3972 1499 4025 iude
1531 3974 1696 4041 dator,
1722 3974 1886 4041 vulgo
1913 3970 2170 4027 amatoria
2202 3967 2405 4045 signifi·

1372 4052 1582 4105 catione
1635 4053 1979 4121 usurpabant.
2018 4080 2097 4091 —-·
2130 4050 2399 4119 Negotiali.

1372 4132 1487 4183 Hoc
1563 4130 1890 4184 diminutivo
1958 4132 2136 4182 subest
2204 4128 2408 4201 aliquid

1371 4212 1696 4267 ohscoemnn.
1729 4244 1802 4254 --
1837 4211 2055 4276 Sem-cis,
2083 4210 2240 4265 senis.
