3067 5017
542 429 741 511 28,

1331 426 1909 513 pommus,

539 576 794 623 MJLPH.
827 550 1120 639 Bellula,
1149 547 1407 619 hercle!
1447 573 1669 621 AGOR.
1705 552 1739 617 I
1768 602 1786 631 ,
1830 550 2155 636 dierecte,
2196 554 2267 619 in
2306 554 2685 622 maxumam

831 662 1078 733 malam
1113 686 1404 731 crucem.

538 798 790 845 MtLPH.
845 778 1069 865 Quam
1115 774 1326 867 magis
1383 772 1741 867 adspectO,
1780 785 1917 841 tam
1956 772 2171 867 magis
2208 786 2309 843 est
2354 774 2690 863 nimbata,

833 902 897 954 et
937 910 1134 980 Ilugae
1179 908 1402 954 merae.

2616 909 2691 948 135

536 1018 840 1066 ananan.
883 998 1171 1089 Segrega
1215 1018 1592 1063 sermonem
1630 1018 1646 1061 :
1684 991 1901 1061 taedet.
1945 1016 2165 1064 Acon.
2192 997 2373 1092 Age,
2411 996 2689 1087 sustolle

832 1106 964 1175 hoc
995 1103 1382 1175 amiculum.

537 1241 844 1287 Annum.
901 1220 1080 1287 Pura
1129 1242 1278 1285 sum
1317 1243 1334 1285 :
1387 1238 1751 1309 conperce‚
1787 1215 2072 1301 amabo,
2124 1240 2233 1285 me
2276 1216 2689 1303 adtrectare,

833 1327 1322 1423 Agorastocles,

542 1462 756 1509 Acon.
801 1437 987 1528 Quid
1020 1462 1214 1531 agam
1265 1434 1502 1505 nunc?
1554 1434 1623 1503 Si
1672 1434 1925 1529 sapiaS,
1962 1459 2199 1505 curam
2244 1434 2421 1505 hanc
2474 1437 2693 1506 facere

835 1547 1172 1642 conpendi
1212 1560 1422 1641 potes,

540 1682 853 1729 ADELPH.
919 1658 1106 1747 Quid
1143 1682 1269 1751 ego
1303 1680 1488 1724 nunc
1525 1669 1591 1723 te
1636 1657 1915 1724 curem?
1989 1680 2205 1726 Acon.
2278 1658 2464 1745 Quid
2508 1660 2693 1751 agiS,

832 1768 1170 1863 Milphio?
1201 1790 1452 1837 MILPH.
1485 1767 1660 1833 Ecce
1686 1762 1918 1834 odium
1948 1792 2193 1837 meum.

550 1932 750 1997 44-53.
783 1962 864 1973 ·--
901 1932 1187 1985 Constiterit
1219 1932 1579 2003 lymphaticum.

547 2012 941 2083 Adelphasium
1004 2012 1293 2082 pollicetur
1351 2010 1581 2064 medici·

545 2112 691 2157 nam,
713 2110 882 2164 seque
905 2092 1222 2146 effecturam
1241 2132 1257 2160 ,
1286 2104 1345 2145 ut
1367 2093 1412 2145 si
1437 2090 1505 2144 ad
1524 2110 1582 2145 se

547 2172 858 2226 deferantur
875 2173 1188 2245 lymphatici
1209 2172 1438 2236 nummi,
1453 2190 1583 2232 con>-

549 2254 769 2317 sistant,
810 2252 1088 2325 quietique
1128 2252 1456 2314 reddantur,
1497 2270 1582 2305 sa-

547 2344 676 2385 nato
704 2333 888 2386 furore
915 2345 968 2385 et
1003 2334 1336 2405 lymphatico
1367 2332 1579 2386 morbo.

549 2412 642 2465 Sic
685 2413 880 2467 Cicero
915 2410 1084 2465 dicit:
1130 2415 1304 2485 «Ejus
1346 2423 1585 2465 mentem

551 2510 662 2545 non
693 2492 1052 2558 consistere»,
1075 2493 1169 2563 qui
1204 2495 1386 2546 furore
1415 2504 1470 2545 et
1495 2510 1583 2545 ve-

551 2570 737 2626 cordia
769 2571 1004 2642 percitus
1036 2585 1149 2625 est:
1185 2574 1279 2645 qui
1312 2573 1459 2625 enim
1497 2572 1585 2625 fu-

549 2651 680 2705 riosi
707 2662 863 2716 sunt,
896 2652 1165 2723 jactantur
1203 2664 1256 2705 et
1293 2653 1585 2723 agitantur,

549 2748 726 2803 neque
755 2731 840 2783 vel
871 2750 1103 2802 corpore
1132 2734 1216 2785 vel
1243 2734 1427 2785 animo
1455 2750 1584 2784 con·

461 2832 470 2838 ·
551 2810 827 2883 quiescere
851 2825 1088 2882 possunt.
1111 2812 1587 2865 Tuam—Forsan

551 2904 607 2944 et
631 2889 982 2945 similitudine
1009 2892 1246 2945 nominis
1264 2892 1587 2963 lymphatici

551 2989 674 3024 cum
690 2970 911 3041 lympha
929 2984 1180 3025 currente
1199 2972 1406 3035 luserit,
1418 2990 1587 3042 quum

555 3049 701 3103 dicat
724 3070 780 3104 se
803 3050 1066 3103 facturam
1089 3063 1150 3103 ut
1167 3050 1436 3105 consistat.
1451 3052 1520 3104 N.
1582 3108 1587 3115 ,

641 3130 772 3185 135.
801 3130 906 3183 Est
935 3129 1171 3185 nimbata.
1203 3132 1435 3183 Nimbus
1471 3144 1589 3183 erat

555 3210 715 3263 fascia
749 3210 1036 3263 frontalis:
1073 3228 1195 3263 nam
1233 3228 1402 3282 quum
1436 3211 1587 3263 frons

551 3308 718 3361 parva
744 3290 885 3343 inter
923 3290 1110 3343 formae
1145 3289 1340 3343 decora
1369 3303 1586 3361 reputa-

553 3383 729 3433 retur,
765 3381 825 3420 ut
863 3368 1295 3439 magnitudinem
1335 3368 1587 3425 dissimu-

551 3450 664 3501 lare
697 3460 941 3519 possent,
972 3449 1247 3503 nonnullas
1271 3450 1456 3503 formae
1476 3464 1590 3503 stu-

553 3528 716 3581 diosae
761 3528 960 3579 nimbis
1006 3546 1122 3581 eam
1171 3530 1584 3583 imminuebant.

553 3607 765 3661 Arnob.
797 3608 890 3659 lib.
923 3608 1014 3659 112
1056 3607 1339 3661 §Laminas
1369 3624 1587 3681 pertun-

552 3688 743 3741 derent
761 3686 972 3739 aurium
987 3726 1002 3751 ‚
1029 3688 1413 3743 imminuerent
1437 3690 1587 3743 fron·

548 3782 629 3821 tes
657 3767 886 3831 nimbis,
929 3767 1148 3838 fuligine
1179 3770 1364 3822 oculos
1404 3769 1585 3822 inum-

1670 1927 1789 1983 deri
1828 1932 2142 1988 nimbatam.
2183 1934 2505 1987 Imbnebant
2550 1934 2696 1987 enim

1670 2010 1850 2063 colore
1885 2012 2111 2080 eodem,
2155 2014 2249 2085 qui
2304 2027 2436 2067 esset
2480 2014 2699 2084 capillo-

1669 2108 1794 2143 rum
1826 2109 1843 2145 τ
1880 2093 2027 2146 unde
2066 2094 2240 2147 fascia
2271 2094 2545 2147 coloriseae
2574 2112 2699 2147 osce

1672 2190 1699 2223 a
1725 2186 1905 2226 vetere
1936 2188 2095 2247 poeta
2132 2186 2535 2246 nuncupantur,
2576 2174 2614 2228 i.
2648 2190 2697 2227 e.

1670 2251 1881 2305 colorc'oe.
1908 2254 2123 2307 Matres.
2141 2286 2219 2297 --
2235 2255 2437 2317 Docte,
2465 2254 2523 2305 ni
2541 2254 2698 2305 fallor

1670 2332 1815 2402 ipse,
1857 2348 2001 2388 errat
2046 2334 2335 2388 Meursius.
2378 2334 2514 2386 Nam
2564 2331 2699 2403 quid

1670 2410 1741 2464 ad
1772 2413 1912 2467 hanc
1940 2434 2055 2467 rem
2084 2414 2340 2468 frontales
2366 2411 2573 2466 nimbi?
2602 2411 2700 2467 aed

1670 2492 1904 2564 Milphio
1945 2495 2283 2547 meretricem
2324 2512 2578 2565 spernere
2605 2512 2698 2545 vo-

1672 2572 1805 2638 luit,
1844 2586 1899 2626 et
1922 2574 2141 2637 nimbo,
2174 2572 2374 2627 scilicet
2411 2590 2561 2625 vanae
2589 2573 2698 2636 rei,

1674 2670 1789 2707 eam
1832 2654 2177 2718 assimilavit,
2209 2672 2371 2725 quam
2402 2650 2566 2703 modo
2602 2668 2700 2703 no·

1673 2732 1847 2785 luerat
1876 2734 1961 2787 vel
2003 2734 2215 2788 nebulae
2242 2732 2441 2803 cyatho
2468 2745 2663 2785 emtam
2680 2768 2699 2790 .

1673 2832 1751 2865 vs.
1786 2816 1881 2866 62.
1907 2814 1975 2865 N.

1762 2894 1892 2964 137.
1920 2893 2057 2947 Pura
2082 2912 2205 2946 sum.
2227 2893 2369 2944 Dum
2392 2892 2547 2964 Jubet
2559 2892 2705 2960 Ago-

1673 2973 1929 3027 rastocles
1944 3012 1961 3038 ,
1985 2986 2044 3026 ut
2066 2973 2361 3027 amiculum
2380 3008 2395 3035 ‚
2422 2970 2570 3043 quod
2598 2972 2700 3023 hu·

1676 3072 1825 3105 mum
1865 3054 2117 3106 verrebat
2158 3052 2436 3118 sustollat3
2492 3062 2545 3103 et
2586 3051 2701 3121 ipse

1675 3132 1811 3186 illud
1853 3134 2041 3187 tollere
2087 3134 2366 3197 annitens,
2404 3132 2589 3202 paullo
2634 3130 2701 3182 li-

1674 3214 1883 3267 centius
1918 3213 2305 3284 Adelphasium
2346 3210 2699 3263 attrectabat:

1675 3292 1823 3364 quod
1854 3310 1991 3365 aegre
2016 3295 2191 3347 ferens
2218 3291 2425 3362 puella,
2451 3301 2626 3360 rogat,
2644 3288 2703 3341 id

1673 3392 1744 3426 ne
1768 3374 1951 3438 faciat,
1973 3390 2142 3443 quum
2176 3372 2245 3425 sit
2276 3390 2304 3423 a
2334 3372 2453 3425 viro
2485 3368 2700 3440 pudica.

1676 3455 1863 3506 Luta.
1884 3484 1963 3495 --
1984 3453 2069 3507 cf.
2090 3452 2239 3505 Asin.
2262 3452 2362 3515 [V.
2401 3469 2455 3512 1,
2486 3453 2581 3503 61.

1766 3533 1893 3601 139.
1948 3532 2089 3601 Quid
2126 3552 2218 3601 ego
2256 3551 2381 3583 nunc
2414 3542 2460 3581 eo
2500 3536 2703 3581 curem?

1675 3615 1803 3665 Haec
1840 3630 1961 3684 quae
2003 3614 2165 3683 vulgo
2207 3610 2537 3683 Agorastocli
2574 3606 2705 3661 dan-

1674 3705 1791 3756 tur,
1840 3694 1912 3745 sic
1958 3691 2213 3746 videntur
2253 3694 2471 3745 absona.
2514 3690 2703 3758 Itaque

1675 3786 1882 3825 mutare
1904 3770 2050 3825 docti
2078 3774 2390 3825 laborarunt
2412 3770 2497 3821 vel
2522 3769 2704 3835 -Quid

503 3852 514 3867 ‘
549 3851 770 3902 brarent
795 3872 841 3897 ι.
859 3846 928 3898 Et
947 3848 1047 3899 hos
1069 3849 1216 3917 ipsos
1234 3850 1451 3903 nimbos
1475 3863 1585 3903 tam
1642 3860 1649 3866 '
1676 3870 1773 3923 ego
1816 3871 1963 3906 nunc
2006 3870 2189 3906 curem
2212 3852 2235 3904 Ρ
2270 3878 2293 3900 ι
2335 3850 2422 3904 vel
2471 3871 2494 3892 ι
2514 3836 2664 3912 Quid
2682 3856 2705 3901 i>

549 3926 744 3984 callide
766 3925 1202 3995 dissimulabant,
1225 3981 1230 3984 ,
1251 3944 1310 3984 ut
1333 3948 1468 4003 aegre
1491 3948 1585 3982 co-
1676 3952 1774 4003 ego
1802 3951 1914 3985 non
1948 3946 1999 3985 te
2032 3951 2216 3986 curem
2237 3932 2261 3983 i>
2290 3957 2313 3979 n
2346 3928 2472 4001 quia
2498 3946 2626 3979 nanc
2652 3943 2707 3982 et

544 4008 730 4081 gnosci
753 4020 990 4078 possent.
1022 4008 1158 4085 Inde
1183 4023 1293 4075 est,
1326 4009 1478 4081 quod
1504 4007 1586 4062 di·
1674 4032 1771 4065 non
1798 4013 1953 4067 facile
1978 4014 2113 4068 MSS
2136 4010 2563 4065 confunduntur.
2598 4009 2705 4061 Sed

545 4101 632 4141 cat
656 4088 748 4140 hic
778 4086 1050 4157 Milphio,
1093 4091 1435 4146 meretricem
1470 4108 1581 4160 quo
1670 4093 1839 4145 haeret
1870 4094 2070 4159 oratio,
2097 4092 2143 4148 si
2174 4105 2229 4145 et
2262 4084 2705 4142 antecedentibus

547 4169 803 4222 attentius
835 4167 1160 4237 intueretur,
1194 4188 1260 4222 eo
1293 4170 1460 4239 magis
1502 4171 1582 4222 vi·
1671 4186 1724 4225 et
1746 4174 2095 4245 sequentibus
2110 4191 2229 4224 eam
2250 4167 2571 4223 concinnare
2592 4182 2706 4221 ten-
