3067 5017
863 397 1199 465 ACTUS
1248 397 1365 482 ΙΙ,
1416 398 1763 468 SCENA
1812 401 2032 467 VIII.

2377 398 2522 496 489

379 545 534 591 Gss‘r.
578 519 801 610 Quid,
836 543 1041 586 manu
1079 519 1411 589 uicerim?
1445 545 1594 590 s'rn.
1637 525 1767 590 Fac
1803 521 1986 614 quod
2029 521 2197 614 jussi
2238 547 2254 589 :
2297 547 2522 610 mane;

656 630 795 722 jam
842 653 967 723 ego
1009 643 1075 696 te
1110 627 1258 697 heic

380 741 659 810 Offatim
699 739 1073 809 conficiam.
1117 763 1279 809 cm.
1310 740 1557 809 Obcidi
1583 738 1598 810 ἶ
1628 755 1984 835 optumum
1999 739 2143 810 'st...
2177 739 2519 836 captio’st:

671 851 863 919 istam

2471 875 2520 915 6⁵

378 962 778 1030 Machaeram
808 960 1179 1055 longiorem
1216 959 1453 1046 haheS‚
1486 976 1688 1054 quam
1725 960 1868 1030 haec
1903 975 2002 1029 est
2031 987 2047 1029 ε
2088 960 2202 1030 sed
2237 986 2467 1030 verum

306 1113 311 1120 -
376 1073 533 1140 Sine
569 1071 728 1140 dum
769 1085 1023 1164 petere,
1058 1070 1386 1164 siquidem
1422 1070 2053 1166 belligerandum’st
2088 1087 2331 1140 tecum.

376 1183 499 1250 Ibo
519 1181 792 1250 domum
812 1207 937 1276 ego
960 1196 1211 1263 tecum,
1232 1179 1550 1269 bellator,
1571 1182 1898 1250 arbitrum
1925 1205 2186 1275 aequom
2203 1181 2516 1274 ceperim.

377 1292 510 1363 Sed
541 1317 665 1386 ego
700 1317 881 1362 cesso
919 1317 1025 1358 me
1052 1290 1213 1360 hinc
1250 1291 1551 1380 amoliri,
1585 1308 1821 1360 ventre
1851 1291 2014 1360 dum
2051 1290 2233 1360 salvo
2265 1289 2466 1361 licet?

953 1440 1389 1530 SCENA
1454 1441 1538 1530 Ο
1564 1442 2002 1532 CTAVA

743 1591 1391 1677 PHRONESIUM‚
1441 1592 1725 1660 STRA'I
1729 1593 2167 1674 OPHANES.

377 1739 544 1784 PHR.
577 1711 805 1783 Datin’
841 1711 1097 1782 soleas?
1126 1727 1327 1807 atque
1362 1739 1468 1783 me
1506 1714 1686 1782 intro
1724 1729 2025 1784 actutum
2067 1713 2330 1802 ducite3

377 1826 551 1895 Nam
595 1822 757 1890 mihi
797 1822 879 1891 de
921 1837 1121 1891 vento
1158 1823 1417 1912 miserae
1458 1822 1807 1892 condoluit
1844 1839 2068 1918 caput.

380 1962 531 2007 STR.
572 1936 757 2026 Quid
784 1932 961 2004 'mihi
998 1935 1301 2005 futurum
1321 1935 1434 2022 'st.,
1464 1938 1626 2031 quoi
1665 1938 1812 2006 duae
1843 1937 2100 2007 ancillae
2132 1936 2400 2026 dolent,

382 2048 647 2137 Quibus
677 2061 741 2115 te
762 2045 1004 2114 donavi
1020 2045 1049 2113 Ρ
1058 2047 1287 2139 jamne
1311 2043 1578 2115 abiisti?
1603 2071 1765 2118 PHR.
1785 2053 1986 2134 Hem,
1997 2049 2092 2118 sic
2113 2045 2340 2118 datur!
2383 2067 2524 2124 (abiu)

380 2182 527 2228 s‘rR.
560 2160 719 2247 Quo
758 2171 955 2250 pacto
992 2154 1333 2224 excludis?
1360 2182 1584 2249 quaeso
1625 2158 1840 2250 potin’
1874 2158 2140 2253 planius
2161 2214 2183 2245 ‚
2499 2179 2522 2218 ⁵

381 2270 605 2357 Quam
639 2265 946 2336 exclusus
974 2291 1157 2334 nunc
1186 2267 1383 2335 sum?
1411 2266 1690 2360 polchre
1722 2267 2069 2338 ludificor:
2103 2271 2265 2339 sine.

380 2376 740 2468 Quantillo
774 2377 938 2445 mihi
976 2401 1179 2469 opere
1210 2401 1392 2446 nunc
1426 2378 1808 2470 persuaderi
1855 2395 2102 2471 potest,

378 2491 478 2557 Ut
510 2512 633 2581 ego
676 2485 1089 2579 subfringam
1133 2486 1313 2554 hisce
1356 2484 1523 2556 talos
1560 2487 1718 2556 totis
1753 2487 2024 2557 aedibus.

377 2598 560 2666 Num
600 2595 946 2690 quidpiam
983 2620 1257 2664 avarum
1293 2612 1393 2664 est
1428 2596 1515 2665 ad
1553 2622 1770 2667 mores
1809 2596 2208 2667 mulierum?

380 2711 744 2800 Postquam
780 2705 1064 2774 filiolum
1105 2707 1399 2800 peperit,
1442 2707 1702 2775 animos
1741 2707 2043 2796 sustulit3
2119 2744 2124 2754 ·

380 2819 614 2902 Nunc,
662 2817 848 2911 quasi
885 2817 1053 2884 mihi
1093 2816 1305 2907 dicat,
1339 2842 1461 2886 nec
1498 2831 1566 2884 te
1603 2817 1846 2910 jube0,
1887 2844 2013 2889 nec
2051 2834 2203 2888 veto

380 2928 669 2996 Introire
703 2929 773 2995 in
804 2927 963 2996 aedis
996 2953 1010 2994 ε
1040 2941 1110 2994 at
1144 2951 1271 3020 ego
1305 2926 1505 3012 nolu,
1539 2952 1678 2994 non
1715 2953 1817 2996 eo,

380 3043 526 3135 Ego
558 3039 712 3107 faxo
752 3039 929 3107 dicat
959 3063 1095 3129 me,
1136 3039 1202 3105 in
1240 3038 1475 3106 diebus
1516 3038 1858 3133 pauculiS,

382 3148 689 3219 Crudum
720 3150 936 3216 virum
969 3174 1107 3216 esse
1139 3174 1156 3216 ε
1190 3173 1465 3240 sequere
1500 3174 1610 3216 me
1643 3148 1770 3218 hac
1805 3175 1821 3217 ε
1857 3149 2134 3216 verbum
2169 3163 2270 3217 sat
2303 3165 2418 3217 est.

464 3273 558 3331 64.
588 3267 754 3320 Mane.
775 3268 1119 3320 Provocantis
1138 3280 1235 3320 est.

462 3349 559 3403 65.
579 3349 839 3418 Optumum
865 3347 943 3398 ἐι.
970 3348 1153 3401 Oratio
1172 3348 1411 3418 comple-

383 3441 621 3481 mentum
664 3427 891 3497 requirit
918 3429 1124 3496 fugere,
1152 3429 1236 3480 vel
1278 3425 1410 3497 quid

380 3509 574 3561 simile.
598 3508 723 3560 Haec
754 3505 888 3559 dicit
914 3527 1112 3560 secum.
1128 3538 1209 3550 -—
1234 3507 1411 3577 Capeto

382 3587 460 3641 ἐι.
483 3586 697 3640 Insidiae
718 3597 843 3640 sunt
860 3627 875 3652 ,
904 3588 1046 3639 fraus
1068 3598 1162 3638 est.

466 3671 556 3720 66.
592 3669 753 3736 Quam
776 3667 877 3718 Iaoec
900 3679 985 3718 est.
1016 3667 1219 3717 Forsan
1258 3683 1408 3734 gere-

382 3749 473 3800 bat
486 3745 763 3799 cultellum
786 3745 1410 3798 culinarium.--Verum.

382 3827 575 3880 Bacch.
604 3826 708 3888 lv,
738 3830 769 3880 8
791 3865 805 3890 ,
843 3829 937 3888 46.

450 3899 521 3972 ’4.
544 3903 689 3966 Hem,
708 3911 777 3958 sic
802 3905 981 3956 datur!
996 3902 1123 3957 Vid.
1146 3904 1407 3957 Menaech-

386 3989 488 4051 IV,
520 4007 547 4040 2
570 4023 585 4048 ‚
618 3993 706 4049 4ο.

470 4067 521 4120 5.
546 4067 731 4118 Potin'.
745 4067 990 4118 Potestne
1007 4064 1125 4116 fieri
1149 4076 1209 4116 ut
1226 4063 1416 4134 aliquis

384 4146 455 4198 sit
481 4146 647 4214 magis
674 4165 835 4216 quam
876 4164 975 4215 ego
1012 4143 1293 4198 exclusus?
1326 4143 1411 4198 Cf.

1498 3267 1823 3320 Menaechm.
1843 3267 1945 3331 IV,
1979 3267 2009 3319 3
2031 3306 2046 3332 ,
2081 3274 2170 3331 αις.
2199 3267 2265 3319 N.

1583 3348 1638 3400 8.
1691 3347 2010 3414 Sub-stingum
2065 3347 2208 3399 hisce.
2265 3347 2528 3400 Jactantia

1499 3426 1719 3479 militari
1774 3426 2078 3496 suffringat'
2109 3427 2240 3479 talos
2297 3425 2529 3493 aedibus,

1500 3507 1649 3576 quasi
1673 3505 1999 3576 supplicium
2025 3519 2214 3558 sumat.
2244 3506 2314 3556 N.

1583 3605 1636 3654 9.
1667 3588 1763 3638 Est
1777 3587 1848 3637 ud
1865 3605 2035 3636 mores.
2057 3584 2204 3650 Quid
2228 3587 2526 3656 comparari

1498 3679 1676 3736 potest
1695 3666 1928 3718 avaritiae
1951 3664 2232 3716 mulierum
2254 3669 2276 3714 P

1590 3753 1681 3809 14.
1727 3745 1976 3808 Crudum,
2011 3745 2391 3814 impotentem,
2425 3745 2529 3798 ira-

1503 3823 1738 3878 cundum
1772 3839 1825 3877 et
1860 3825 2214 3877 inhumanum
2252 3824 2526 3894 significat.

1500 3904 1879 3975 Glossographi
1904 3905 2180 3974 explicant
2207 3907 2354 3975 ὠμόγ·
2382 3919 2434 3956 et
2456 3905 2532 3957 sic

1500 3985 1678 4036 Latini
1719 3983 1990 4036 interdum
2031 3985 2228 4036 crudum
2262 3984 2534 4054 accipiunt

1502 4081 1604 4134 pro
1645 4063 1786 4116 duro
1835 4076 1886 4115 et
1924 4065 2280 4130 inexorabili,
2326 4078 2384 4117 ut
2432 4065 2537 4118 hoc

1505 4144 1645 4196 loco.
1671 4144 1704 4195 J
1712 4179 1724 4193 .
1749 4143 1894 4198 Gtu..
