3067 5017
595 489 734 562 526
1206 490 1304 556 M.
1360 486 1660 556 ACCII
1710 485 2098 554 PLAUTI

1350 676 1966 746 NERVOLARIA.

589 882 949 954 Scobinam
988 905 1115 974 ego
1165 879 1322 948 lima
1361 894 1666 948 actutum
1707 878 1948 947 adt-asi.

586 994 997 1069 Prohibent.
1035 1016 1239 1085 quom
1285 991 1528 1060 moenia
1570 988 1840 1058 aliunde
1884 1013 2008 1083 ego
2050 988 2296 1081 fungor
2337 1013 2504 1058 mea.

592 1105 952 1174 Ocissume
997 1127 1119 1170 nos
1165 1101 1357 1170 liberi
1404 1103 1735 1195 possimus
1773 1099 1935 1167 fieri.

591 1215 892 1286 Pollucte
927 1214 1287 1309 prodigum
1325 1238 1465 1282 esse
1507 1227 1877 1284 amatorem
1910 1207 2204 1281 addecet.

589 1326 844 1394 Vinum
876 1323 1475 1392 sublestissumum.
2725 1342 2750 1381 s

592 1439 917 1506 Insanum
952 1433 1146 1503 valde
1180 1449 1464 1525 uterque
1508 1430 1792 1502 deamat.

688 1663 737 1698 1.
762 1642 909 1696 Vide
937 1661 1059 1712 sup.
1092 1642 1297 1712 Apluda
1315 1660 1391 1694 vs.
1414 1658 1462 1694 1.
1804 1649 1857 1704 4.
1884 1643 2136 1704 Pollucte,
2167 1655 2270 1696 etc.
2298 1661 2388 1714 ap.
2411 1643 2662 1698 eumdem
2695 1664 2752 1699 v.

682 1742 732 1777 1.
762 1723 1019 1777 Scobinam
1036 1763 1050 1788 ,
1087 1735 1191 1776 etc.
1219 1720 1365 1792 apud
1390 1721 1626 1774 Vax-ron.
1712 1722 2013 1792 prodegeris.
2037 1723 2279 1786 Pollucte,
2308 1725 2468 1776 Most.
2494 1727 2541 1790 1,
2573 1743 2624 1789 1,
2653 1725 2755 1778 23.

594 1796 655 1857 L'.
677 1805 876 1866 L.V1,
904 1801 955 1854 3.
1806 1801 1856 1856 5.
1892 1803 2102 1866 Vinum,
2154 1815 2256 1855 etc.
2300 1802 2447 1874 apud
2490 1803 2758 1857 eumdem

682 1903 731 1935 2.
760 1881 1049 1946 Prohibent,
1085 1892 1186 1934 etc.
1224 1877 1373 1950 apud
1412 1880 1630 1932 Festum
1722 1900 1773 1933 v.
1799 1881 2026 1933 sublesta.
2051 1911 2134 1922 —-
2156 1881 2596 1948 Sublestissumum‚
2625 1884 2758 1955 quia

598 1984 647 2016 v.
692 1967 891 2023 maenia,
942 1963 979 2014 i.
1026 1979 1072 2014 e.
1118 1979 1361 2012 munera.
1406 1959 1632 2011 Bothius
1721 1959 1965 2013 infirmos
1991 1961 2148 2014 faciat
2171 1963 2254 2014 vel
2281 1981 2508 2035 corpore
2531 1964 2615 2017 vel
2637 1963 2757 2018 ani·
2787 1965 2806 1976 ⁴

598 2043 782 2096 scribit
805 2061 817 2095 ε
840 2045 954 2113 quin
979 2041 1254 2110 ...fungum
1720 2059 1811 2093 mo
1833 2081 1848 2107 ,
1889 2041 2066 2112 inquit
2090 2042 2290 2096 Festus,

680 2121 733 2175 3.
762 2121 1041 2186 ocissume,
1069 2132 1169 2172 etc.
1206 2117 1348 2190 apud
1376 2117 1628 2172 eumdem
1803 2125 1857 2173 6.
1889 2123 2134 2185 Insanum,
2179 2135 2281 2175 etc.
2323 2121 2469 2193 apud
2509 2122 2755 2176 Nonium

598 2221 654 2255 v.
676 2206 824 2254 ocius.
1719 2219 1772 2254 v.
1793 2205 2030 2255 insanum.
2055 2201 2200 2255 Vide
2222 2203 2416 2256 Bacch.
2445 2204 2548 2268 IV,
2575 2203 2630 2268 5,
2660 2223 2713 2258 ι.

890 2417 1391 2491 PA'RASITUS
1443 2422 1720 2490 PIGER
1771 2445 1922 2490 sivE
1971 2425 2454 2512 LIPARGUS„

597 2613 763 2684 Inde
803 2613 973 2680 bene
1008 2610 1295 2733 adpotus
1334 2609 1630 2704 primulo
1667 2611 2065 2705 crepusculo

597 2729 900 2795 Domum
941 2721 1036 2787 ive
1072 2721 1239 2812 coepi
1280 2721 1549 2790 tramite
1592 2720 1825 2790 dextla
1865 2723 1992 2789 via.

600 2835 820 2905 Ambo
844 2855 1089 2923 magna
1113 2829 1307 2897 laude
1328 2828 1524 2916 lauti3
1540 2845 1878 2924 postremo
1904 2833 2105 2902 ambo
2130 2859 2358 2903 sumus
2378 2859 2514 2903 non
2536 2838 2752 2911 nauci

600 2933 846 3013 'Addite
882 2939 1179 3034 lepadeS‚
1208 2939 1479 3008 echinos
1500 2993 1519 3027 ‚
1551 2955 1824 3012 ostreas,

602 3052 789 3123 Nihil
844 3076 1073 3134 moror
1129 3051 1295 3118 mihi
1363 3050 1594 3118 fucum
1648 3053 1713 3119 in
1761 3051 1986 3138 alve0‚
2037 3053 2277 3147 apibus
2327 3054 2443 3147 qui
2498 3054 2757 3149 peredit

899 3161 1144 3229 cibum.
2731 3187 2753 3224 ⁵

696 3384 746 3417 1.
772 3364 895 3416 Inde
917 3363 1061 3428 bene,
1084 3376 1187 3416 etc.
1228 3363 1373 3434 apud
1402 3365 1638 3418 Vax-ron.
1731 3386 1954 3419 naucum.
1980 3367 2185 3421 Confer
2216 3369 2467 3422 Bacchid.
2484 3371 2556 3434 V,
2580 3391 2632 3437 1,
2663 3379 2754 3436 14.

608 3446 673 3497 L.
701 3446 761 3498 L.
784 3444 896 3509 VI,
926 3446 978 3498 3.
1815 3454 1867 3510 4.
1901 3447 2127 3512 Addita,
2173 3461 2275 3503 etc.
2319 3450 2467 3521 apud
2515 3451 2756 3504 Nonium

694 3544 745 3576 2.
774 3525 1007 3576 Tramite.
1030 3524 1251 3576 Trames
1280 3543 1309 3576 a
1342 3509 1642 3580 transverso
1683 3575 1690 3580 .
1731 3545 1782 3578 v.
1809 3525 2024 3596 Iapudes.

610 3603 815 3668 dictus,
856 3603 1032 3674 inquit
1070 3604 1269 3657 Varro.
1318 3635 1391 3645 —-
1424 3605 1636 3658 Dextra.
1815 3607 2231 3673 5.N1·hitm0r0r‚
2254 3622 2353 3662 etc.
2386 3627 2470 3681 ap.
2499 3610 2754 3664 Priscian.

610 3685 789 3753 Vulgo
823 3696 971 3735 recta.
1007 3682 1353 3737 Lectionem
1370 3683 1640 3738 libiorum
1731 3681 1816 3738 ed.
1845 3686 2060 3739 Putsch.
2085 3706 2143 3757 p.
2169 3689 2305 3756 893.
2322 3689 2572 3754 -ΜίΙιί,
2591 3691 2759 3743 abun-

608 3762 907 3817 reddimus.
1729 3764 1823 3818 dat
1843 3778 1905 3818 ut
1933 3786 2088 3837 saepe.
2121 3799 2202 3812 -—-
2228 3769 2441 3834 Fucum,
2469 3771 2750 3824 insectum.

694 3842 745 3896 3.
770 3843 965 3905 Ambo,
1004 3855 1089 3904 etc
1138 3840 1285 3915 apud
1328 3843 1550 3898 Festum
1589 3864 1642 3898 v.
1733 3845 2042 3911 -Peredit,
2069 3849 2285 3920 antique
2315 3869 2416 3922 pro
2445 3848 2686 3922 peredat.
