3067 5017
498 388 641 459 622
1132 380 1231 447 Μ.
1283 378 1583 447 ACCII
1633 377 2015 447 PLAUTI

490 524 787 577 accurate
826 506 1096 593 scriptae.
1140 500 1421 565 Fabulas
1454 498 1776 565 claudunt
1811 499 2164 565 Camerarii
2213 498 2356 565 obs.
2399 499 2648 565 brevis·

490 618 653 683 sima
697 613 779 677 de
814 609 1049 675 fabulis
1082 606 1331 673 amissis
1353 652 1373 686 ,
1414 605 1691 693 ejusque
1729 628 1832 693 ep.
1887 604 2288 671 dedicatoria
2333 604 2426 669 vl
2467 606 2646 671 sabb.

496 722 581 787 ad
615 722 840 785 Franc.
892 713 1293 781 Grammium
1340 712 1674 799 (equitem
1721 709 2111 798 Brunsvic.)
2161 711 2526 799 praemissa,
2583 726 2650 774 et

495 827 701 917 privil.
741 827 967 890 Caesar.
1000 844 1103 883 an.
1143 816 1309 881 1538
1337 840 1356 898 ;
1384 832 1450 879 at
1484 839 1628 903 quae
1658 817 1718 880 ei
1739 817 1810 880 in
1842 815 2248 881 Bibliotheca
2269 815 2650 887 Fabriciana

496 932 741 1013 adjecta
774 928 1082 995 dicuntur
1113 924 1475 1012 fragmenta
1492 970 1511 1005 ,
1534 946 1572 989 a
1595 922 1838 1012 Georg.
1865 922 2166 987 Fabricio
2187 923 2458 987 collecta
2474 971 2492 1003 ,
2511 943 2647 985 non

496 1038 695 1101 habet
710 1050 882 1098 certe
909 1028 1262 1095 editiohaec
1273 1075 1294 1109 ,
1308 1026 1375 1089 in
1402 1027 1590 1107 cujus
1606 1026 1926 1115 prooemio
1941 1041 2180 1108 tamen,
2194 1042 2428 1114 praeter
2442 1023 2646 1112 Codd.

496 1143 783 1207 duorum
826 1134 1223 1203 adminicula
1256 1182 1274 1215 ,
1338 1148 1517 1220 grate
1567 1131 1787 1197 laudat
1835 1132 2192 1221 Georgium
2236 1132 2648 1214 Fabricium,

430 1318 441 1323 ,
496 1247 681 1339 quod
728 1268 921 1311 suum
970 1242 1215 1307 librum
1278 1238 1596 1303 benevole
1643 1238 2179 1320 communicarit,
2227 1238 2297 1301 in
2348 1258 2546 1326 quem
2593 1238 2648 1303 is

495 1366 904 1443 congesserat
966 1343 1298 1436 quidquid
1350 1344 1729 1432 perquirere
1779 1344 1997 1432 potuit
2021 1391 2040 1426 ,
2105 1341 2284 1431 quod
2337 1341 2421 1406 ad
2469 1342 2646 1409 sabb.

494 1480 625 1525 tam
664 1454 1212 1533 emendationem,
1236 1472 1434 1538 quam
1469 1450 1962 1538 explicationem
1999 1450 2394 1538 pertineret;
2423 1466 2650 1515 caetera

496 1565 717 1631 omnia
748 1560 949 1627 studii
984 1558 1087 1623 sui
1126 1578 1264 1621 esse
1314 1554 1674 1621 confirmat.
1713 1555 2104 1644 Exemplum
2151 1554 2346 1635 hujus
2405 1554 2510 1621 ed.
2551 1572 2651 1621 est

496 1694 697 1763 penes
734 1669 841 1732 Fr.
873 1666 1029 1730 Chr.
1070 1665 1387 1728 Exterum
1415 1661 1592 1725 Prof.
1623 1677 1689 1725 et
1723 1662 1792 1725 in
1821 1662 1984 1725 Bihl.
2015 1661 2258 1750 Gymn.
2293 1660 2644 1748 Bipontini‚

593 1774 760 1853 1554
804 1770 1150 1838 Florentiae
1171 1818 1190 1853 ,
1214 1766 1385 1831 in·8.
1412 1767 1505 1831 M.
1536 1768 1716 1833 Accii
1742 1767 1954 1832 Plauti
1977 1784 2189 1856 poetae
2215 1767 2648 1855 antiquissimi

498 1878 843 1947 Comoediae
878 1898 1108 1940 ornnes
1138 1896 1283 1962 quae
1320 1894 1501 1936 nunc
1532 1890 1800 1937 exstant.
1830 1873 2175 1937 Florentiae
2209 1894 2328 1961 per
2359 1871 2646 1937 haeredes

501 1984 807 2052 Bernardi
840 1986 872 2049 J
878 1998 1075 2046 untae.
1119 1974 1339 2045 Editio
1379 2000 1540 2043 rara.
1585 1980 1992 2045 Memoratur
2026 1980 2097 2043 in
2133 1978 2440 2068 Catalogo
2477 1978 2640 2045 Bibl.

496 2096 671 2159 Petr.
702 2095 857 2155 Ant.
892 2091 1285 2168 Crevennae,
1312 2113 1379 2178 p.
1411 2088 1556 2153 166.
1723 2092 1727 2097 “

692 2260 699 2267 ,
794 2193 1138 2285 Lugduni,
1176 2194 1409 2276 in-18‚
1437 2218 1540 2282 ap.
1575 2192 1725 2257 Seb.
1758 2192 2153 2283 Gryphium,

594 2302 759 2369 1558
794 2302 1054 2367 Basileae
1081 2348 1100 2382 ,
1138 2301 1297 2366 in-8.
1335 2303 1604 2365 Plautus
1628 2324 1707 2363 ex
1731 2300 1984 2365 emend.
2013 2300 2236 2367 Joach.
2259 2298 2606 2365 Camerarii
2621 2344 2642 2378 ,

499 2428 563 2479 ct
592 2432 743 2475 cum
777 2407 1157 2496 fragmentis
1195 2407 1502 2495 notisque
1533 2406 1797 2495 Georgii
1829 2405 2125 2473 Fabricii.

592 2515 759 2582 1566
796 2513 1083 2594 Parisiis,
1119 2513 1290 2578 Rob.
1320 2512 1669 2601 Stephani,
1711 2511 1898 2591 in-8,
1931 2527 2211 2577 testante
2241 2511 2467 2578 Pareo.

584 2660 761 2673 -—
780 2618 1163 2707 Antwerpiae
1181 2665 1200 2699 ,
1232 2617 1443 2683 ixx-18.
1464 2620 1556 2683 M.
1579 2619 1752 2683 Accii
1785 2618 1994 2682 Plauti
2018 2616 2368 2684 Comoedioe
2388 2618 2647 2709 viginti,

496 2730 655 2795 olim
680 2752 717 2792 a
743 2729 775 2792 J
780 2725 1081 2791 oachimo
1099 2724 1469 2789 Camerario
1484 2722 1869 2788 emendatae:
1900 2747 2078 2789 nunc
2103 2746 2262 2789 vero
2285 2725 2432 2812 plus
2449 2747 2646 2812 quam
2699 2735 2702 2738 '

496 2837 601 2900 CC
620 2832 943 2911 versibus,
973 2828 1090 2918 qui
1107 2829 1347 2917 passim
1376 2829 1914 2894 desiderabantur
1930 2878 1950 2911 ‚
1975 2852 2055 2893 ex
2079 2828 2220 2893 VV.
2243 2832 2363 2894 CC.
2387 2828 2647 2909 additis,

496 2964 621 3009 suo
666 2934 1159 3027 quodammodo
1194 2935 1393 2998 nitori
1423 2935 1774 3016 restitutam
1813 2956 2009 3023 opera
2055 2950 2121 2999 et
2167 2933 2502 3023 diligentia
2543 2935 2645 3001 Jo.

491 3044 795 3115 Sambuci
813 3092 832 3127 ,
868 3040 1307 3106 Timaviensis
1339 3040 1685 3106 Pannonii.
1713 3041 1980 3127 Aliquot
1995 3038 2262 3105 eruditae
2289 3043 2358 3105 C.
2386 3040 2646 3129 Langii,

489 3152 692 3219 Andr.
726 3148 1019 3213 Turnebi
1040 3194 1061 3229 ,
1090 3146 1293 3211 Hadr.
1326 3148 1361 3209 J
1366 3148 1507 3211 unii
1532 3163 1598 3211 et
1625 3147 1904 3211 aliorum
1933 3146 2284 3211 doctorum
2314 3148 2604 3211 virorum
2621 3192 2646 3228 ‚

490 3260 727 3351 partim
754 3256 1030 3344 margini
1062 3254 1404 3343 adscriptae
1430 3303 1449 3336 ,
1498 3254 1734 3341 partim
1769 3255 1838 3317 in
1875 3255 2118 3321 calcem
2141 3254 2392 3334 rejectae
2417 3254 2646 3317 obser·

488 3366 795 3431 vationes.
816 3361 1225 3449 Antwerpiae‚
1252 3384 1333 3423 ex
1357 3359 1620 3424 officina
1644 3360 2082 3440 plantiniana,
2102 3382 2136 3423 2
2161 3359 2308 3423 voll.
2326 3358 2645 3423 Praestans

486 3471 723 3549 editio,
762 3468 867 3532 cui
892 3468 1081 3531 et'JO.
1112 3466 1475 3531 Sambucus
1502 3465 1772 3553 epistola
1804 3458 2106 3532 Plautino
2149 3487 2270 3530 suo
2293 3464 2600 3552 inscripta
2621 3510 2642 3545 ,

484 3597 549 3645 et
584 3580 721 3666 ipse
757 3572 1097 3639 Plautinus
1140 3572 1223 3637 ad
1258 3572 1568 3638 lectorem
1605 3572 1853 3659 praefati
1889 3588 2068 3635 sunt.
2105 3571 2222 3635 Ille
2249 3569 2518 3658 quidem
2551 3568 2637 3633 li·

486 3704 655 3753 teras
684 3684 955 3747 Viennae
1014 3679 1193 3743 datas
1216 3700 1321 3757 =10
1369 3677 1498 3743 kal.
1545 3696 1708 3766 sept.
1745 3678 2030 3741 humane
2077 3693 2143 3741 et
2197 3691 2350 3764 post
2389 3674 2642 3740 luctum

488 3789 919 3857 domesticum
966 3785 1059 3849 sic
1108 3784 1403 3849 orditur:
1430 3814 1457 3839 ιι
1486 3784 1679 3847 Mitto
1697 3832 1715 3864 ,
1745 3781 2326 3870 quemadmodum
2374 3802 2512 3843 non
2565 3796 2644 3843 tu

485 3896 697 3964 solum
713 3941 733 3976 ,
754 3893 869 3973 sed
884 3890 1075 3957 multi
1101 3890 1210 3955 alii
1237 3913 1276 3954 a
1304 3912 1408 3953 me
1432 3875 1799 3978 petierunt,
1821 3888 2306 3955 observationes
2325 3884 2642 3974 quasdam

485 4021 553 4070 et
581 3999 787 4066 varias
820 3999 891 4062 in
923 3998 1229 4061 Plautum
1272 3994 1354 4059 de
1386 3995 1834 4085 chirographis
1870 3993 2324 4063 vetustissimis
2365 4006 2431 4055 et
2463 4012 2642 4080 ,proe-

483 4114 675 4201 cipue
700 4128 849 4171 meo
883 4104 994 4170 illo
1017 4151 1038 4187 ,
1092 4126 1228 4193 quo
1274 4103 1586 4171 Iovianus
1621 4104 1962 4169 Pontanus
1988 4117 2086 4165 est
2111 4122 2306 4181 usus,
2339 4098 2642 4164 collectas
