3067 5017
531 397 628 488 46
1306 392 1907 481 ΡοΕΝυιυε,

529 548 732 597 com..
766 518 954 612 Quid
977 517 1200 613 opu’st
1227 518 1488 588 verbis?
1529 516 1773 589 callum
1801 535 2188 612 aprugnum
2216 506 2459 584 callere
2494 534 2683 609 'aeque

827 656 965 699 non
1011 654 1244 698 sinam.

533 748 920 815 MmPH.Fac
933 738 1136 807 modo
1153 754 1227 807 ut
1238 737 1567 807 condocta
1579 738 1703 806 tibi
1714 738 1845 807 sint
1857 736 2034 806 dicta
2045 734 2130 805 ad
2141 734 2314 802 hanc
2325 731 2679 804 fallaciam.

539 878 737 925 com„
778 851 967 942 Quin
989 904 1009 935 ,
1047 846 1314 943 edepol,
1354 847 1752 917 condoctior
1788 873 1971 935 sum,
2006 869 2209 941 quam
2243 843 2529 939 tragoedi
2564 858 2685 913 aut

796 1028 804 1035 ,
836 983 1100 1028 commi.

537 1094 788 1143 mum.
817 1071 1082 1140 Probus
1105 1068 1310 1137 homo
1335 1092 1424 1137 es.
1457 1090 1677 1139 Aeon.
1713 1064 2048 1136 Adeamus
2084 1065 2365 1160 propius
2394 1090 2411 1133 ε
2440 1063 2688 1133 adsunt

833 1180 1077 1249 testeis,
1117 1202 1371 1249 ΜιιΡΗ.
1407 1180 1540 1247 Tot
1575 1176 1846 1271 quidem
2052 1218 2059 1227 ·
2660 1198 2685 1239 s

537 1294 694 1362 Nou
719 1292 992 1385 potuisti
1011 1289 1342 1359 adducere
1360 1288 1669 1357 homines
1688 1286 1901 1381 magis
1922 1285 2006 1354 ad
2025 1286 2201 1357 hanc
2218 1310 2361 1355 rem
2388 1284 2682 1355 idoneos.

540 1403 718 1471 Nam
745 1403 1028 1470 istorum
1063 1399 1291 1469 nullus
1324 1397 1708 1483 nefastu'st,
1732 1395 2123 1467 comitialeis
2151 1410 2311 1466 sunt
2349 1396 2542 1483 meri3

543 1510 652 1582 Ibi
682 1510 1034 1597 habitant3
1066 1512 1159 1579 ibi
1197 1532 1312 1578 eos
1345 1509 1750 1602 conspiciam,
1782 1532 1984 1601 quam
2018 1521 2373 1601 praetorem
2414 1506 2689 1600 saepius3

538 1622 756 1693 Hodie
785 1621 958 1713 juris
995 1621 1318 1689 coctiores
1356 1644 1496 1686 non
1539 1632 1731 1704 sunt,
1772 1619 1886 1710 qui
1930 1616 2105 1687 liteis
2145 1631 2411 1702 creant,

545 1736 772 1823 Quam
811 1745 970 1799 sunt
1005 1729 1107 1815 hi,
1153 1730 1308 1822 qui,
1349 1729 1404 1795 si
1447 1726 1617 1795 nihil
1656 1741 1756 1795 est
1792 1726 2055 1814 litium,
2082 1726 2255 1796 liteis
2288 1740 2541 1795 serunt.
2642 1758 2693 1784 ιο

547 1866 710 1916 amr.
760 1842 853 1911 Di
901 1856 968 1909 te
1018 1839 1327 1934 perdant.
1377 1862 1630 1908 Minrn.
1674 1842 1817 1907 Vos
1862 1838 2170 1932 quidem,
2211 1837 2474 1926 hercle,
2527 1862 2690 1906 con-

845 1947 1130 2033 mendo,
1173 1972 1377 2043 quom
1419 1948 1657 2044 quiqui
1699 1964 1961 2034 tamen,

638 2128 692 2162 a.
725 2106 918 2160 Callum
954 2124 1223 2177 aprugnum
1261 2106 1454 2159 callere.
1490 2105 1579 2159 Cf.
1670 2106 1812 2157 tibus
1830 2105 2013 2158 multis
2040 2104 2338 2159 deterrimae
2366 2103 2697 2158 conditionis

555 2188 701 2241 Pers.
722 2188 778 2240 II
794 2224 809 2250 ,
833 2184 887 2251 5,
913 2191 966 2248 4.

1671 2184 2527 2256 hominibus,venisse‚plerosque
2541 2185 2699 2239 liher-

642 2266 694 2320 3.
736 2265 1006 2319 Condocta.
1043 2265 1110 2316 In
1154 2276 1383 2335 utroque
1424 2282 1585 2317 versu
1670 2266 1844 2327 tinos‚
1872 2265 1967 2335 qui
2002 2266 2206 2336 optime
2247 2283 2349 2335 qua
2388 2278 2502 2318 arte
2535 2264 2697 2318 talem

553 2346 841 2400 conductum
867 2345 1017 2415 lego,
1046 2362 1157 2397 non
1183 2344 1465 2396 conductum
1481 2381 1495 2404 ,
1532 2357 1588 2397 et

559 2424 884 2479 membranis
925 2423 1371 2495 adstipulantibus
1413 2436 1468 2476 et
1514 2424 1590 2477 fa·

479 2552 482 2557 .
557 2518 718 2559 vente
757 2522 930 2558 sensu.
973 2501 1241 2557 Conducti
1277 2517 1456 2556 autem
1495 2522 1589 2556 co-

563 2586 691 2638 mici
742 2596 896 2650 sunt,
950 2584 1044 2655 qui
1103 2584 1340 2636 fabulam
1361 2620 1378 2647 ‚
1429 2601 1590 2653 quam

559 2664 731 2717 acturi
773 2676 930 2725 sunt,
971 2681 1078 2715 una
1113 2662 1344 2717 fideliter
1381 2661 1592 2715 addidi-

563 2753 781 2806 cerunt,
834 2753 1148 2813 gestumque
1199 2760 1351 2813 agere
1393 2743 1589 2795 sciunt.

566 2824 799 2892 Oportet
845 2822 992 2875 enim
1052 2822 1338 2875 histriones
1391 2822 1593 2892 peritos

567 2920 705 2967 esse,
747 2913 800 2954 et
825 2900 1057 2955 fabulam
1087 2902 1249 2953 simul
1280 2900 1559 2954 edidicisse
1578 2941 1593 2966 ,

561 2995 851 3051 antequam
870 2980 927 3032 in
946 2981 1284 3050 proscenium
1298 2980 1593 3051 prodeant:

567 3079 706 3132 quo,
737 3060 841 3113 nisi
870 3060 1045 3123 fallor,
1085 3059 1342 3131 respexit.
1364 3060 1497 3115 v-id.
1521 3078 1593 3113 sc.

567 3160 694 3211 sup.
721 3139 814 3192 51.
845 3140 1102 3191 Tamum.

658 3239 690 3289 7
702 3257 714 3270 .
748 3218 1065 3271 Comitialeis.
1082 3219 1161 3271 Ut
1181 3218 1465 3273 comitialis
1483 3218 1599 3273 dies

573 3296 796 3360 dicitur,
821 3297 915 3368 qui
945 3295 1166 3368 agendis
1190 3299 1351 3351 rebus
1375 3297 1600 3352 idoneus

574 3390 658 3431 est
677 3417 693 3444 ,
723 3377 959 3429 nefastus
976 3416 991 3441 ‚
1027 3396 1136 3447 quo
1165 3378 1251 3448 agi
1276 3397 1363 3431 res
1393 3397 1506 3431 non
1531 3380 1600 3431 li-

569 3470 684 3523 cet,
707 3458 890 3527 joculo
935 3454 1002 3509 ad
1039 3456 1286 3511 homines
1311 3476 1474 3529 prave
1502 3477 1600 3511 ne-

569 3537 805 3608 gotiosos
830 3537 972 3589 hanc
997 3536 1274 3590 notionem
1307 3539 1595 3591 transtulit.

575 3616 786 3685 Nempe
805 3615 998 3668 vitium
1033 3617 1258 3669 civitatis
1284 3629 1460 3681 taxat,
1502 3618 1597 3670 uhi

573 3696 840 3766 opificium
869 3708 920 3749 et
951 3709 1182 3767 quastus
1225 3716 1390 3767 genus
1430 3696 1601 3767 quod-

571 3775 708 3829 libet
727 3774 930 3845 probro
954 3788 1068 3829 erat
1084 3814 1100 3841 ,
1132 3777 1317 3829 otiosis
1347 3777 1599 3847 perjuriis

573 3866 630 3907 et
658 3855 940 3912 calumniis
970 3856 1253 3909 vivebatur
1293 3874 1404 3910 non
1451 3855 1599 3909 inde·

569 3935 870 3989 core.Audi
885 3934 1232 3988 Plutarchum
1251 3935 1404 3989 Paul.
1415 3936 1596 3991 AEmil.

569 4015 668 4085 qui
699 4025 885 4070 narrat
914 4014 1222 4085 Scipionem
1241 4054 1256 4079 ,
1279 4033 1447 4086 quum
1475 4033 1599 4069 cen·

570 4113 752 4148 suram
765 4105 990 4165 peteret,
1009 4092 1079 4146 ad
1094 4095 1329 4158 comitia,
1343 4095 1599 4149 comitan-

1673 2346 1936 2398 ambitum
1962 2357 2256 2401 tuerentur,
2288 2344 2559 2397 callerent.
2587 2346 2656 2397 N.

1759 2426 1811 2477 8.
1836 2425 1926 2477 lbi.
1951 2423 2034 2476 Ad
2062 2443 2249 2478 vocem
2280 2427 2521 2476 comitium
2542 2423 2700 2477 intel-

1674 2505 1863 2557 lectam
1884 2506 2129 2558 refertur.

1760 2603 1814 2653 9.
1850 2586 2110 2637 Coctiores.
2144 2585 2389 2637 Coc-tiores
2411 2582 2699 2655 legendum

1678 2676 1733 2717 et
1754 2664 2044 2717 ridiculum
2073 2664 2221 2716 dictu
2238 2704 2254 2729 ,
2288 2690 2311 2711 ι
2334 2664 2473 2735 juris
2502 2662 2701 2717 coctio-

1678 2762 1789 2799 rem
1812 2746 1845 2790 ι’
1884 2759 1990 2814 pro
2042 2764 2063 2786 ι
2081 2744 2216 2813 juris
2247 2741 2583 2796 doctiorem·
2618 2740 2703 2793 di-

1681 2842 1829 2877 cere:
1854 2821 2008 2895 quod
2027 2823 2323 2875 urbanitate
2346 2821 2550 2875 comica
2571 2839 2703 2875 con-

1680 2901 1857 2957 ditum
1882 2901 2137 2973 protulit,
2165 2902 2402 2969 ambigui
2424 2902 2703 2954 occasione

1682 3001 1808 3034 usus
1839 3003 1851 3032 :
1899 3000 2023 3034 nam
2064 2994 2119 3033 et
2145 2984 2232 3053 jus
2261 2980 2583 3033 culinarium
2618 2999 2705 3033 co·

1683 3063 1897 3132 quitur3
1927 3073 1980 3113 et
2000 3072 2157 3113 coctus
2180 3078 2240 3113 ac
2259 3072 2467 3113 recoctus
2483 3059 2705 3124 dicitur,

1685 3142 1777 3213 qui
1824 3142 1882 3193 in
1941 3140 2117 3211 aliqua
2173 3158 2233 3192 re
2286 3140 2391 3193 tiro
2442 3159 2555 3193 non
2604 3152 2702 3192 est.

1685 3222 1915 3275 Sums-
1956 3250 2037 3261 --
2086 3220 2190 3288 Qui
2232 3221 2356 3271 liceis
2394 3231 2577 3273 creant.
2622 3220 2706 3271 De

1686 3301 1785 3364 iis,
1813 3298 2000 3364 cred0,
2028 3299 2289 3370 loquitur,
2322 3300 2416 3371 qui
2450 3298 2704 3351 formulas

1686 3380 1957 3434 actionum
1999 3379 2298 3433 scribebant
2322 3417 2340 3443 ,
2395 3378 2523 3449 ipsis
2569 3377 2707 3447 juris

1687 3456 2058 3511 conditoribus
2082 3494 2098 3521 ,
2150 3458 2524 3527 jureconsultis
2547 3495 2564 3523 ,
2621 3457 2707 3509 vel

1687 3537 2012 3609 praetoribus
2062 3556 2282 3609 quoque
2334 3537 2431 3607 qui
2483 3537 2602 3591 lites
2646 3536 2705 3588 in

1688 3619 1811 3671 albo
1841 3617 2231 3688 proponebant.
2251 3618 2321 3671 Ν.

1776 3714 1862 3751 10.
1892 3698 2041 3749 Liteis
2074 3709 2251 3749 serunt.
2279 3697 2473 3769 Scripti
2506 3697 2711 3753 habent

1689 3777 1813 3829 liceis
1846 3789 2022 3831 emunt.
2063 3776 2131 3829 Et
2170 3789 2314 3831 recte
2358 3778 2432 3831 ita
2472 3776 2711 3848 reposuit

1686 3857 1994 3912 Turnebus.
2034 3857 2237 3911 Litium
2272 3856 2597 3911 redemtores
2628 3856 2710 3907 in-

1688 3936 1913 4008 telligit,
1946 3955 2006 3991 ac
2032 3935 2347 4007 depectores
2372 3936 2565 3989 litium.
2597 3934 2708 3985 Ho-

1686 4036 1809 4069 rum
1832 4017 1888 4069 iu
1913 4019 2033 4087 jure
2062 4018 2126 4070 fit
2154 4010 2377 4069 mentio.
2404 4014 2635 4067 Ssmns.

1775 4115 1797 4149 1
1816 4116 1838 4149 1
1852 4136 1865 4148 .
1896 4097 2190 4151 Conmendo.
2224 4096 2349 4151 Non
2373 4112 2509 4164 opus
2534 4094 2709 4162 legere
