3067 5017
822 433 1160 502 ACTUS
1204 433 1685 519 11‚SCENA
1731 435 1832 502 ΙΙ.

2251 433 2393 521 465

240 556 433 647 Qui,
479 556 599 624 uhi
636 579 974 650 quamque
1022 570 1398 625 nostrarum
1450 556 1631 625 videt
1672 581 1887 651 prope
1931 556 2126 627 aedeis
2162 559 2392 657 hasep,

542 665 891 758 egrediens
906 716 925 750 ‚

2345 694 2398 735 ko

235 783 421 848 Item
458 791 536 846 ut
570 776 651 844 de
688 774 1028 844 frumento
1059 800 1367 862 ansereS‚
1408 774 1698 845 clamore
1731 776 2095 862 absterret,
2123 778 2356 874 abigit.

235 894 309 959 Is
356 889 521 957 item
568 902 669 956 est
706 867 980 980 agresiis
1024 912 1040 955 :

542 1001 811 1071 feriam.

1096 885 1212 954 sed
1256 882 1493 974 foreis»,
1536 886 1868 982 quidquid
1907 902 2008 955 est
2041 887 2396 977 futurum,

236 1112 689 1208 Ecquishuic
728 1110 1007 1181 tutelam
1038 1112 1261 1206 Januae
1302 1113 1517 1208 gerit?
1553 1114 1779 1209 ecquis
1818 1114 1998 1182 intus
2035 1115 2218 1185 exit?

723 1350 781 1438 S
806 1331 1167 1440 CENA
1244 1350 1899 1460 SECUNDA.

756 1569 1296 1654 STRAT11.AX,
1346 1569 1896 1638 AsTAPmUM.

242 1757 494 1804 STRAT.
542 1732 714 1822 Quis
777 1731 914 1802 iuic
958 1749 1092 1819 est,
1144 1734 1263 1827 qui
1320 1749 1457 1802 tarn
1510 1750 1826 1828 proterve
1883 1752 2144 1808 nostras
2199 1741 2394 1810 aedeis

534 1843 817 1913 arietat?

230 1979 389 2028 As‘r.
432 1958 581 2048 Ego
623 1979 767 2022 sum
794 2007 815 2040 ,
847 1954 1101 2046 respice
1137 1953 1223 2021 ad
1250 1979 1377 2024 me.
1419 1971 1664 2024 STRAT.
1687 1956 1920 2046 Quid,
1955 1959 2129 2054 ego?
2165 1986 2392 2032 nonne

534 2089 661 2158 ego
702 2064 939 2132 video?
974 2089 1070 2132 vae
1109 2061 1266 2133 tibi!

231 2175 425 2266 Quid
453 2175 575 2242 tibi
598 2174 682 2242 ad
703 2174 897 2243 hasce
917 2172 1217 2278 adcessio
1232 2171 1312 2242 ’st
1333 2174 1531 2242 aedeis
1551 2200 1760 2270 prope
1785 2229 1804 2263 ‚
1829 2193 1946 2246 aut
1970 2179 2388 2272 pultatio’st?

231 2310 386 2358 As'r.
414 2285 632 2355 Salve.
658 2309 899 2354 STRAT.
928 2285 1102 2353 Satis
1128 2284 1293 2351 mihi
1324 2299 1423 2352 est
1460 2300 1591 2354 tuae
1618 2285 1888 2375 salutis3
1924 2289 2093 2358 nihil
2135 2317 2384 2362 moror.

533 2399 691 2466 Non
734 2392 976 2464 salveo.

106 2545 115 2554 ·
226 2509 586 2602 AEgrotare
626 2503 868 2600 malim·
897 2529 1098 2597 quam
1141 2527 1280 2572 esse
1315 2518 1430 2572 tua
1473 2501 1687 2573 salute
1723 2507 1968 2575 sanior.
2365 2525 2394 2570 ε·

231 2618 314 2687 Id
353 2615 513 2685 volo
548 2616 716 2684 scire
747 2641 763 2684 t
800 2614 964 2709 quid
1004 2614 1286 2684 debetur
1318 2615 1469 2682 heic
1510 2615 1631 2682 tibi
1670 2631 1911 2686 nostrae
1949 2617 2152 2688 domi.

233 2752 388 2798 AsT.
456 2725 845 2820 Conprime.
909 2748 1151 2793 STRAT.
1222 2727 1433 2818 Spero
1494 2749 1714 2792 meam
1764 2725 2079 2819 quidem,
2135 2726 2398 2814 hercle3

531 2850 631 2917 te,
680 2833 800 2928 qui
840 2832 1159 2920 solitu'st‚
1207 2834 1609 2929 conprimat.

318 3007 410 3052 40.
436 2985 747 3039 Nostrarum.
770 2984 933 3036 Most.
959 2984 1017 3046 1,
1049 2983 1103 3047 3,
1135 2981 1266 3035 123.

237 3067 498 3118 -Hasce.
513 3065 693 3134 Vulgo
707 3083 767 3114 ac
778 3067 823 3115 si
838 3062 1042 3132 adgred.
1058 3061 1271 3114 difficili

235 3165 412 3199 sensu.
442 3146 588 3198 Vett.
613 3142 736 3196 edd.
770 3169 793 3191 ι
816 3161 897 3214 pr.
924 3141 1081 3195 aedeis
1115 3142 1271 3194 hasce

236 3224 519 3296 egrediens
543 3249 565 3272 ·
588 3263 604 3290 ‚
630 3220 777 3294 quod
806 3223 931 3275 satis
954 3223 1149 3292 placet.

320 3312 353 3369 4
367 3324 393 3357 ῐ
406 3345 418 3358 .
453 3305 522 3357 Ut
554 3304 617 3355 de
638 3304 891 3371 frumento
927 3319 1115 3354 anseres
1144 3301 1270 3378 abe·

236 3385 397 3455 geris.
428 3385 498 3436 N.

323 3483 374 3516 1.
422 3465 671 3516 Protei-oe.

237 3546 441 3613 per-be.
475 3562 505 3595 a
524 3541 831 3612 proterendo.
866 3541 1001 3592 Nam
1024 3552 1272 3609 protervus

238 3636 335 3680 est,
368 3623 463 3692 qui
500 3621 629 3674 dum
660 3621 775 3674 aliis
805 3619 998 3673 obvius
1026 3632 1137 3683 est,
1155 3640 1279 3690 prof

240 3707 366 3754 terit.
396 3703 619 3755 PAsslm.

322 3802 375 3834 ει.
410 3781 549 3850 Quid
574 3787 707 3850 ego?
730 3799 886 3832 nonne
911 3778 1093 3830 video?
1125 3775 1273 3844 Quid

238 3859 439 3914 dicise
413 3867 545 3929 ego?
576 3879 761 3913 nonne
802 3873 855 3912 te
892 3857 1050 3910 video
1096 3870 1150 3910 et
1189 3876 1276 3911 co-

240 3939 481 4010 gnosco?
510 3941 559 3990 V
565 3939 652 3992 ide
682 3939 950 4008 Amphitr.
981 3939 1082 4002 IV,
1119 3956 1146 3989 2
1170 3976 1186 4003 ‚
1224 3957 1272 3990 1.

240 4021 467 4072 Bothius
490 4019 643 4071 aliter
675 4019 956 4090 distinguit
992 4030 1041 4069 et
1075 4017 1272 4068 inteni-

240 4100 346 4168 git,
390 4099 544 4168 quasi
589 4098 835 4149 Stratilax
874 4096 1277 4167 obitupefactus

178 4173 199 4186 ”
238 4180 541 4230 exclamett
572 4173 722 4240 Quid
740 4192 837 4244 ego
855 4181 935 4229 ἲ...
962 4193 1146 4229 nonne
1178 4193 1277 4245 ego

408 4278 548 4342 III.

714 3459 1072 3514 Immoderate
1102 3477 1163 3512 ac
1192 3479 1278 3513 su·

1359 2981 1517 3037 video
1536 2981 1622 3035 ⁴1⁸...
1661 2983 1745 3036 bis
1774 2983 2019 3038 oratione
2053 2984 2388 3058 imperfecto.

1444 3068 1499 3126 4.
1538 3063 1656 3116 Non
1684 3063 1863 3116 salven.
1893 3063 2146 3120 comicus
2175 3066 2267 3119 hio
2291 3068 2393 3120 mi-

1358 3161 1459 3194 nus
1480 3141 1672 3205 latine,
1696 3160 1759 3193 ex
1786 3160 2010 3214 persona
2036 3145 2217 3198 rustici
2244 3159 2297 3200 et
2326 3167 2393 3201 ex

1362 3220 1595 3284 decoro,
1635 3221 1899 3291 loquutus
1923 3235 2034 3287 est,
2072 3237 2134 3277 ut
2171 3226 2392 3281 Terent.

1361 3301 1501 3354 Eun.
1530 3302 1649 3365 111,
1679 3319 1730 3364 ι,
1751 3304 1945 3352 emoriri
1961 3321 2063 3356 usu.
2080 3304 2190 3356 Ubi
2213 3307 2392 3360 Dona·

1364 3393 1449 3434 tus
1491 3401 1504 3432 ε
1564 3379 1880 3450 «disciplina
1923 3393 2002 3433 est
2038 3384 2282 3450 comicis,
2331 3401 2392 3441 ut

1363 3460 1549 3514 stultas
1567 3460 1885 3524 sententias,
1916 3459 1990 3512 ita
2018 3461 2177 3514 etiam
2202 3464 2388 3518 vitiosa

1364 3540 1523 3592 verba
1546 3579 1561 3606 ,
1609 3538 1915 3593 adscribere
1949 3538 2189 3595 ridiculis
2228 3543 2396 3616 impe.

1358 3619 1584 3690 ritisque
1607 3619 1850 3690 personis
1869 3645 1917 3670 ιι.
1945 3620 2214 3675 Fuimus.

1443 3704 1497 3752 6.
1575 3699 1848 3769 Conprime.
1914 3699 2172 3770 Intelligit
2239 3703 2391 3758 iram.

1360 3776 1436 3830 At
1462 3777 1556 3830 ille
1577 3777 1726 3831 aliud
1750 3778 2040 3848 joculatur.

1444 3876 1499 3928 7.
1543 3856 1693 3926 Spero
1738 3877 1889 3909 meam
1934 3876 2021 3909 me
2069 3877 2402 3931 compressu·

1361 3955 1505 3989 rum.
1536 3937 1810 4006 Amphitr.
1845 3939 1902 4000 1,
1936 3943 2156 4007 1‚'192.
2191 3970 2268 3982 —
2296 3944 2395 4010 Te,

1362 4021 1444 4088 qm*
1477 4017 1725 4080 solitu'st,
1762 4020 2048 4087 conprimat.
2081 4019 2225 4089 Lips.
2261 4022 2400 4076 hanc

1363 4095 1606 4150 restituit·
1624 4096 1931 4147 lectionem.
1954 4096 2188 4168 Vulgata
2215 4102 2371 4155 stulte
2389 4144 2403 4165 ‚

1370 4186 1469 4227 ctu
1499 4192 1616 4244 qum
1649 4174 1802 4234 solita
1833 4193 1887 4228 es
1909 4179 2234 4248 comprimas
2256 4205 2305 4233 ν.
2335 4183 2408 4236 N.

2138 4273 2227 4346 30
