3067 5017
396 498 401 505 .
522 436 665 509 612
1141 441 1237 507 Μ.
1290 438 1590 509 Accu
1650 437 1832 509 PLA
1859 436 2034 507 UTI

522 562 657 625 haec
688 558 888 625 editio
900 578 1064 623 eum
1098 556 1570 623 Mediolanensi
1607 560 1812 642 1490,
1833 571 1999 619 teste
2023 554 2456 621 Taubmanno
2489 556 2669 645 apud

518 666 866 731 Goetzium
898 665 965 727 in
1000 663 1357 729 Memorab.
1377 663 1542 729 Bibl.
1573 661 1804 729 Dresd.
1831 678 1989 727 tom.
2011 663 2042 727 Ι
2063 709 2082 742 ,
2113 684 2262 751 pag.
2293 684 2380 748 90
2405 686 2540 752 seq.
2565 663 2665 729 Cf.

515 789 820 835 caeterum
872 768 1071 833 Mich.
1134 767 1457 843 Maittaire
1510 783 1672 831 tom.
1717 768 1749 830 Ι
1771 814 1790 849 ,
1841 786 1986 855 pag.
2038 766 2204 847 360,
2258 783 2325 833 et
2371 767 2667 833 Indieem

513 878 829 939 librorum
877 896 999 939 see.
1053 874 1175 938 XV
1226 874 1697 962 impressorum
1738 873 1808 935 in
1858 872 2018 937 bibl.
2071 875 2148 937 C.
2193 872 2276 939 G.
2321 872 2668 939 Schwarzii

518 982 695 1045 Prof.
732 978 1066 1069 quondam
1094 978 1322 1044 Altorf.
1358 979 1431 1042 P.
1455 980 1519 1041 ΙΙ
1539 1026 1557 1060 ,
1588 1002 1650 1067 p.
1689 977 1768 1041 61
1799 1014 1832 1029 -
1851 976 1936 1041 63
1963 976 2046 1041 ad
2077 1000 2183 1042 an.
2225 982 2414 1063 1499.
2451 980 2608 1045 Haee
2629 1002 2666 1043 a

517 1089 953 1152 Taubmanno
979 1086 1299 1162 consulta,
1324 1086 1392 1149 in
1408 1085 1572 1151 Bibl.
1595 1084 1921 1173 Archipal.
1941 1082 2420 1149 Manhemiensi
2439 1101 2667 1150 exstat.

820 1192 1048 1257 Ulmae.
1085 1192 1411 1279 Repetitio
1445 1191 1700 1279 prioris.

610 1338 787 1350 —--
820 1298 1248 1363 Bononiensis
1285 1299 1343 1363 Ι.
1597 1298 1600 1301 ’

618 1443 785 1457 ---
814 1404 1273 1485 Bononiensis,
1290 1426 1435 1491 quoe
1450 1421 1610 1467 num
1633 1402 1915 1490 primum
1937 1402 2110 1465 inter
2129 1417 2390 1469 caeteras
2413 1400 2668 1467 fabulas

518 1512 915 1579 Aululariam
948 1532 1099 1577 cum
1128 1512 1285 1575 Ant.
1310 1509 1511 1573 Codri
1547 1510 1740 1573 Urcei
1776 1509 1952 1573 Prof.
1977 1508 2409 1575 Bononiensis
2443 1510 2466 1596 (
2497 1508 2668 1574 1500

518 1638 619 1687 ret.
656 1617 777 1704 54)
808 1616 1261 1703 supplemmto
1280 1662 1303 1696 ,
1326 1636 1408 1677 an
1442 1636 1644 1679 unam
1675 1614 1846 1677 hane
1878 1613 2209 1696 exhibeat,
2237 1614 2586 1679 nescimus.

609 1721 779 1786 1500
815 1718 1317 1785 Mediolanensis
1349 1721 1453 1801 Il,
1498 1718 1611 1783 fol.
1650 1719 1920 1781 Plautus
1960 1720 2214 1807 integer
2259 1742 2415 1783 eum
2451 1720 2662 1785 inter-

434 1810 443 1821 ⁰
522 1827 885 1916 pretatione
910 1824 1177 1889 Joannis
1205 1824 1507 1912 Baptistae
1526 1823 1649 1888 Pii.
1673 1825 1856 1887 -In
1889 1821 2020 1887 fine
2044 1824 2322 1912 legitur:
2353 1827 2670 1913 «Impres-

522 1956 669 1997 sum
696 1929 1047 1995 Mediolani
1078 1952 1194 2016 per
1218 1929 1602 2017 Magistrum
1629 1926 2005 1993 Uldericum
2030 1930 2476 1995 Scinzenzeler
2491 1954 2668 1997 anno

522 2037 789 2103 Domini
817 2035 1157 2099 MCCCCC
1173 2082 1191 2115 ,
1216 2033 1321 2097 die
1342 2052 1508 2099 xvm
1523 2034 1764 2099 mensis
1783 2035 2057 2113 januarii
2073 2066 2120 2101 ιι.
2147 2036 2292 2103 Vid.
2320 2036 2672 2125 Catalogue

525 2138 824 2205 raisonne'
832 2140 910 2202 de
929 2138 994 2201 la
1007 2137 1337 2203 collection
1352 2139 1458 2203 des
1480 2140 1666 2204 livres
1678 2141 1760 2205 de
1777 2142 2301 2207 Piera-Autome
2317 2141 2668 2221 Crevenna,

524 2247 651 2311 vol.
677 2248 809 2329 ΙΙΙ,
839 2267 985 2334 pag.
1029 2245 1171 2323 164.
1212 2246 1383 2309 Huic
1408 2244 1682 2311 editioni
1707 2247 2014 2335 praefatus
2045 2262 2142 2314 est
2176 2248 2515 2337 Philippus
2545 2252 2670 2316 Be·

525 2346 807 2416 roaldus.
836 2349 919 2411 At
947 2348 1113 2411 male
1142 2347 1353 2411 audiit
1382 2348 1848 2429 Taubmanno,
1899 2348 2014 2435 qui
2035 2350 2114 2413 ‘in
2149 2352 2326 2437 proef.
2361 2374 2496 2414 suae
2525 2351 2668 2415 edi-

522 2456 751 2537 tionis,
779 2485 805 2511 «
823 2456 1003 2535 Hoc,
1038 2454 1129 2517 ait
1149 2502 1168 2535 ,
1200 2476 1455 2543 semper
1482 2454 1858 2522 meminisse
1888 2470 1954 2519 te
1983 2455 2178 2519 velim
2201 2502 2220 2538 ,
2253 2479 2484 2521 omnes
2527 2456 2668 2521 edi-

522 2563 729 2625 tiones
768 2582 1172 2647 mangonum
1217 2582 1447 2623 manus
1483 2582 1622 2641 esse
1659 2582 1912 2647 passaS,
1939 2556 2026 2624 'ex
2057 2584 2192 2649 quo
2225 2562 2580 2629 Sarac-enus
2601 2582 2670 2631 et

525 2668 677 2729 Pius
700 2688 977 2753 regnum
1012 2682 1079 2729 et
1104 2664 1516 2753 tyrannidem
1551 2666 1622 2731 in
1651 2666 1850 2729 literis
1880 2666 2168 2733 habuere
2191 2698 2237 2732 w.
2275 2671 2374 2735 Cf.
2406 2670 2664 2737 Harles-

522 2768 561 2831 l.
588 2790 645 2833 e.
672 2791 735 2855 p.
764 2766 924 2847 2063
952 2762 1587 2859 Goetzii·Mem.Bibl.
1613 2767 1842 2833 Dresd.
1869 2768 1923 2849 Ι,
1951 2792 2018 2857 p.
2034 2768 2152 2854 93,
2175 2786 2242 2835 et
2264 2772 2470 2837 Catal.
2498 2774 2664 2839 Bibl.

523 2872 907 2937 Uffenbach.
956 2888 1005 2937 t.
1056 2874 1144 2955 II,
1182 2874 1355 2961 App.
1396 2874 1499 2957 113
1551 2875 1783 2938 Incun.
1829 2880 1965 2939 Art.
2011 2875 2267 2966 typogr.
2317 2901 2386 2945 n.
2428 2879 2666 2963 CCVI,

526 3006 586 3071 p.
626 2980 745 3064 75i,
774 2992 839 3041 et
869 2975 953 3041 de
980 2978 1151 3041 Bure
1182 2977 1227 3041 l.
1250 3000 1305 3041 e.
1339 3001 1405 3043 n.
1437 2977 1632 3045 2568.

618 3082 785 3147 1503
819 3082 1251 3147 Bononiensis
1274 3132 1295 3166 ,
1330 3084 1445 3149 fol.
1472 3084 1740 3149 Plautus
1773 3082 2119 3173 diligenter
2149 3090 2522 3178 recognitus
2546 3112 2664 3181 per

524 3190 899 3277 Philippum
940 3189 1329 3253 Beroaldum
1370 3191 1586 3256 folior.
1616 3190 1763 3256 255.
1791 3228 1880 3241 —-
1902 3193 1981 3254 In
2011 3192 2138 3259 fine
2167 3218 2184 3261 ε
2213 3227 2236 3251 «
2261 3199 2667 3288 Impressum

523 3294 832 3359 Bononiae
868 3316 986 3380 per
1024 3294 1449 3359 Benedictum
1477 3296 1777 3377 Hectoris
1816 3296 2236 3385 bibliopolam
2261 3348 2281 3384 ,
2313 3304 2666 3393 impresso·-

519 3421 791 3486 remque
856 3397 1438 3489 diligentissimum.
1475 3401 1912 3490 Recognitum
1969 3408 2574 3498 repastinatumque
2627 3436 2664 3477 a

517 3505 823 3593 Philippo
854 3504 1169 3569 Beroaldo
1215 3508 1470 3573 curiose
1502 3530 1580 3571 ac
1609 3508 1968 3596 vigilanter.
2029 3511 2222 3587 Anno
2255 3516 2494 3581 Salutis
2522 3518 2666 3585 MD

521 3613 711 3677 tertio
752 3612 870 3675 eal.
910 3610 1244 3677 decemb.»
1270 3652 1360 3663 ——
1394 3616 1559 3679 Rara
1589 3613 1946 3679 admodum
1983 3634 2081 3683 est
2103 3619 2324 3687 editi0.
2347 3623 2669 3691 Praemisit

520 3719 686 3784 Phil.
740 3716 1091 3781 Beroaldus
1132 3722 1385 3787 Bonon.
1420 3720 1503 3785 ad
1549 3722 1807 3786 Clariss.
1851 3720 2246 3811 discipulum
2294 3727 2666 3795 Ladislaum

520 3824 1154 3911 Vartimbergensem
1200 3826 1571 3913 epistolam3
1623 3832 1809 3913 cujus
1861 3848 2108 3921 purtem
2149 3833 2414 3899 exhibet
2457 3835 2664 3901 Mieh.
2775 3858 2782 3864 ⁷

516 3933 834 3997 Maittaire
866 3931 935 3994 in
968 3936 1139 3997 Ann.
1175 3947 1428 4023 typogr.
1463 3952 1625 4003 tom.
1654 3938 1742 4021 ΙΙ,
1779 3965 1844 4029 p.
1883 3940 2038 4021 164,
2071 3956 2208 4006 not.
2231 3942 2668 4031 exintegram

514 4060 673 4101 vero
704 4038 875 4125 legas
908 4035 1085 4123 apud
1120 4038 1535 4129 Freytagium
1568 4042 1635 4107 in
1679 4045 1920 4134 Adpar.
1955 4046 2121 4125 liter.
2154 4063 2201 4112 t.
2235 4048 2342 4131 ΙΙ,
2379 4068 2444 4137 p.
2489 4047 2662 4115 1332

516 4166 612 4231 sq.
649 4140 733 4206 ad
764 4164 827 4204 n.
868 4138 1223 4208 CXXCIII.
1338 4186 1343 4190 -
