3067 5017
594 448 688 519 δα
997 548 1006 553 ἱ
1373 444 1957 530 pomam,

594 636 865 659 mmm
873 630 2730 657 mmmmssmmmmmmmmmmmmmm

973 835 1476 945 ACTUS
1574 834 2361 970 QUARTUS.

1173 1310 1619 1401 SCENA
1697 1310 2175 1399 PRIMA.

1462 1539 1877 1607 MlLPHIO.

603 1686 1018 1805 Exspncro
1056 1756 1193 1826 quo
1220 1744 1423 1823 pacto
1459 1754 1625 1799 meae
1666 1731 1932 1799 technae
1970 1756 2377 1826 processurae
2414 1733 2605 1803 sient.

597 1844 854 1914 Studeo
897 1843 1079 1912 hunc
1118 1841 1427 1910 lenonem
1473 1841 1807 1935 perdere,
1843 1841 2029 1911 velut
2073 1868 2299 1911 meum
2343 1844 2587 1912 herum
2628 1844 2755 1912 mi-

897 1976 1118 2021 serum
1157 1967 1495 2021 macerat:

598 2065 667 2131 Is
704 2086 811 2131 me
841 2076 1066 2130 autem
1107 2084 1312 2155 porro
1346 2062 1690 2148 verberat,
1720 2062 2021 2131 incursat
2058 2065 2339 2158 pugni3‚
2384 2061 2717 2134 calcibus:

595 2172 869 2241 Set-vire
913 2172 1214 2259 amanti,
1255 2172 1662 2259 miseria’st,
1704 2175 2074 2266 praesertim
2113 2175 2270 2267 qui,
2313 2174 2495 2268 quod
2540 2190 2755 2264 amat,

904 2296 1108 2353 caret.

601 2397 791 2463 Attat
826 2389 840 2462 !
879 2418 916 2461 e
953 2393 1108 2461 fano
1154 2394 1450 2487 recipere
1496 2394 1689 2462 video
1733 2419 1802 2463 se
1835 2397 2306 2489 Syncerastum

599 2504 900 2572 Lenonis
947 2529 1206 2573 servom
1249 2531 1264 2574 :
1303 2506 1470 2599 quid
1505 2506 1749 2574 habeat
1790 2509 2117 2576 sermonis
2140 2560 2160 2594 ‚
2196 2507 2609 2580 auscultabo·

1079 2730 1516 2820 SCENA
1582 2732 2277 2825 SECUNDA.

1104 2951 1789 3039 SYNCERASTUS‚
1846 2956 2264 3027 MILPHIO.

603 3153 801 3199 SYNG.
849 3125 1024 3197 Satis
1062 3124 1542 3219 spectatum’st
1578 3126 1737 3195 deos
1782 3143 1984 3223 atque
2031 3130 2339 3201 homines
2376 3135 2520 3227 ejus
2557 3133 2765 3229 negli-
2825 3171 2832 3179 ·

908 3258 1064 3327 gere
1110 3248 1389 3326 granam
1413 3286 1432 3317 ‚

614 3348 797 3436 Quoi
833 3345 1094 3413 homini
1138 3343 1337 3413 herus
1371 3360 1487 3431 est,
1505 3344 1909 3434 consimilis,
1943 3348 2128 3419 velut
2166 3376 2289 3445 ego
2326 3353 2543 3422 habeo
2583 3381 2767 3424 nunc

907 3452 1314 3546 hujusmodi.

609 3568 845 3659 Neque
881 3560 1246 3657 perjurior,
1289 3588 1503 3658 neque.
1531 3565 1726 3660 pejor
1758 3566 1926 3636 alter
1964 3571 2340 3664 usquam’st
2379 3574 2715 3667 gentium,

698 3778 752 3810 2.
785 3759 952 3822 Velut,
978 3759 1102 3831 quia
1119 3796 1135 3825 ,
1161 3778 1354 3830 quum.
1382 3761 1470 3815 Cf.
1491 3760 1652 3833 Epid.
1746 3776 1827 3817 est
1846 3784 2038 3836 parum
2061 3766 2414 3835 attendentis,
2454 3772 2549 3842 qui
2576 3772 2767 3842 loqua-

623 3839 701 3903 11,
729 3857 777 3896 2,
811 3842 904 3909 87.
1746 3855 1856 3897 tur.
1911 3845 2029 3897 Hoc
2073 3843 2252 3900 t'amen
2295 3850 2463 3902 voluit
2506 3869 2519 3902 ε
2564 3852 2769 3905 Notum

699 3918 753 3970 3.
779 3919 863 3981 Is,
898 3919 1287 3990 Agorastocles⁸
1317 3917 1447 3972 vid.
1493 3921 1553 3986 1,
1603 3940 1654 3985 1,
1744 3936 1844 3989 est,
1868 3922 1997 3979 deos
2017 3938 2177 3997 atque
2195 3928 2444 3982 homines
2472 3930 2519 3982 ei
2548 3931 2772 3985 infestos

626 4000 796 4050 ιιι-ιδ
817 4036 832 4061 ,
879 4017 939 4062 a,
980 4016 1110 4069 171.
1742 4021 1885 4068 esse,
1926 4006 2015 4075 qui
2044 4007 2235 4059 herum
2264 4008 2457 4062 habeat
2480 4011 2613 4064 hero
2644 4031 2769 4068 meo

698 4098 753 4131 2.
772 4078 909 4147 Quoi
925 4079 1105 4131 homini
1131 4080 1292 4132 herus.
1321 4078 1510 4131 Oratio
1538 4098 1649 4132 non
1742 4084 2094 4138 consimilem.
2137 4087 2320 4140 Luta.

609 4159 735 4211 satis
783 4170 1062 4224 accuratu
1114 4170 1304 4228 utpote
1346 4177 1476 4230 quoe,
1497 4160 1653 4231 pueri
1792 4191 1795 4195 -
1825 4162 2158 4233 3.Pet;jurior.
2181 4167 2299 4219 Mil.
2324 4167 2369 4233 1,
2409 4185 2460 4229 1,
2492 4187 2577 4220 21.
