3067 5017
589 442 726 513 186
1334 442 2001 532 PSEUDOLUS,

572 566 717 658 Qui
769 588 986 659 neque
1026 564 1148 633 tibi
1205 565 1378 635 bene
1421 590 1565 634 esse
1618 579 1882 659 patere,
1928 581 1997 635 et
2046 564 2225 656 illis,
2294 568 2545 663 quihus
2590 587 2737 662 est,

867 676 1150 747 invides.
2364 710 2368 715 ’
2684 696 2737 739 ³⁵

573 812 789 858 HARP.
827 794 1049 875 Heus,
1075 787 1192 856 ubi
1226 786 1384 855 estis
1415 786 1571 855 vos?
1606 811 1807 857 ΒΑΗ..
1832 788 1963 857 Ηὶο
1992 786 2265 891 quidem
2292 788 2381 859 ad
2420 816 2525 861 me
2553 810 2737 865 recta

871 898 1074 967 habet
1113 911 1366 979 rectam
1408 896 1609 966 viam.

577 1031 796 1087 Ham».
835 1011 1058 1094 Heus,
1091 1006 1206 1075 ubi
1247 1006 1404 1074 estis
1433 1006 1597 1075 vos?
1626 1030 1828 1076 ΒΑΜ..
1871 1011 2086 1095 Heus,
2114 1008 2541 1099 adulescens,
2566 1014 2734 1106 quid

869 1118 1058 1189 isteic
1100 1117 1383 1187 debetur
1418 1117 1596 1185 tibi?

574 1233 754 1298 Bene
781 1254 910 1323 ego
930 1229 1015 1297 ab
1041 1229 1173 1298 hoe
1197 1228 1533 1323 praedatus
1560 1228 1709 1315 ib0;
1732 1231 1961 1323 gnovi,
1986 1228 2165 1299 bona
2192 1254 2402 1299 scaeva
2422 1246 2522 1300 est
2542 1232 2731 1302 mihi.

575 1364 797 1411 HARP.
833 1341 1081 1432 Ecquis
1121 1339 1252 1408 hoc
1298 1339 1567 1434 aperit?
1594 1364 1796 1411 ΒΑΜ..
1832 1344 2049 1428 HeuS,
2082 1340 2536 1438 chlamydate,
2572 1345 2735 1437 quid

874 1449 1064 1517 isteic
1109 1448 1390 1517 debetur
1434 1447 1605 1518 tibi?

2682 1474 2737 1517 ao

577 1582 794 1629 HARP.
837 1559 1109 1628 AEdium
1150 1559 1503 1629 dominum
1549 1559 1864 1629 lenonem
1900 1559 2275 1629 Ballionem
2306 1561 2607 1655 quaerito.

575 1694 774 1740 ΒΑΜ..
832 1669 1158 1764 Quisquis
1223 1694 1327 1755 es,
1380 1667 1810 1757 adulescens,
1880 1695 2159 1765 operam
2226 1670 2333 1741 fac
2394 1673 2735 1767 conpendi

868 1804 1186 1873 quaet‘ere.

575 1914 798 1961 HARP.
839 1889 1030 1980 Quid
1073 1888 1256 1982 jam?
1317 1912 1518 1959 ΒΑΜ..
1576 1890 1771 1989 Quia
1814 1904 1880 1958 te
1923 1890 2111 1983 ipsus
2158 1915 2391 1960 coram
2444 1916 2736 1985 praesens

874 2014 1274 2094 praesentem
1323 1997 1526 2068 videt.

577 2133 796 2180 unu».
821 2108 994 2180 Tun’
1023 2111 1078 2179 is
1105 2110 1222 2179 es?
1247 2132 1395 2179 sm.
1427 2107 1871 2204 Chlamydate
1888 2163 1909 2197 ,
1934 2134 2095 2178 cave
2111 2163 2132 2196 ,
2162 2110 2249 2179 sis
2266 2162 2300 2219 ,·
2322 2110 2515 2179 tibi-a
2540 2112 2735 2181 curio

880 2220 1254 2290 infortunio
1272 2272 1292 2307 ,

574 2332 796 2425 Atque
833 2328 900 2399 in
949 2332 1134 2399 hunc
1181 2330 1455 2399 intende
1491 2330 1827 2426 digitum3
1882 2331 1993 2423 hic
2029 2329 2185 2401 leno
2227 2345 2350 2399 est.
2399 2354 2596 2401 ΒΑΗ..
2640 2339 2737 2401 At

867 2440 980 2509 hic
1017 2454 1116 2509 est
1159 2441 1263 2509 vir
1298 2421 1574 2535 probus,

651 2615 724 2683 39
734 2651 747 2665 .
760 2613 907 2667 Bona
921 2634 1094 2667 scoeva.
1115 2635 1137 2657 α
1152 2613 1392 2667 Scaevum
1407 2632 1436 2667 a
1452 2614 1602 2667 Grae-

567 2693 644 2747 cis
664 2713 681 2759 3
705 2694 800 2765 qui
823 2712 1051 2747 scaevum
1080 2692 1274 2748 dicunt
1299 2694 1600 2747 sinistrum.

568 2775 779 2828 Varro:
808 2811 862 2829 ...
883 2792 952 2827 ne
973 2772 1106 2845 quid
1130 2774 1273 2827 obsit
1290 2774 1449 2827 bonoe
1472 2792 1602 2827 scae·

567 2874 649 2907 νε
681 2872 852 2906 causa.
878 2852 1012 2907 Inde
1045 2854 1278 2907 sca-vola
1305 2854 1603 2925 appellatus

567 2952 600 2987 a
622 2933 830 2987 sinistra
847 2970 863 2994 ‚
897 2932 1046 3003 qnod
1075 2952 1194 3003 quae
1215 2932 1426 2987 sinistra
1451 2946 1603 2997 sunt,

568 3014 715 3067 bona
743 3012 978 3082 auspicia
1005 3031 1116 3065 ease
1143 3012 1534 3078 existimantur,
1573 3030 1603 3065 a

571 3112 684 3163 quo
733 3091 987 3145 dicuntur
1043 3092 1289 3158 comitia,
1350 3093 1567 3146 aliudve
1586 3130 1602 3157 ,

391 3200 398 3216 ι
511 3210 524 3219 ,
571 3171 724 3245 quod
745 3174 811 3225 sit
837 3188 934 3224 ave
956 3172 1170 3224 sinistra
1188 3210 1204 3237 ,
1231 3190 1397 3225 scaeva
1421 3200 1443 3221 a
1459 3214 1472 3227 .
1500 3174 1603 3227 Fe·
1628 3218 1632 3229 .

567 3265 696 3306 stus.
720 3240 850 3304 vid.
876 3251 1037 3321 Epid.
1060 3252 1142 3316 11,
1172 3271 1223 3304 π.

651 3336 747 3395 4²·
783 3330 890 3383 Fac
933 3331 1186 3402 conpendi.
1213 3332 1375 3386 Conf.
1408 3332 1604 3387 Bacch.

569 3413 656 3478 11,
693 3430 722 3463 2
742 3450 758 3475 ,
792 3412 846 3464 6.

649 3496 745 3556 44.
763 3491 818 3543 A
835 3494 968 3543 curio
981 3490 1266 3557 infortunio.
1281 3490 1405 3545 Non
1423 3492 1601 3563 probo

568 3574 732 3624 crucio
753 3571 1023 3638 infortunio
1045 3571 1148 3641 legi
1177 3588 1279 3640 pro
1305 3576 1454 3624 curio.
1489 3572 1603 3625 Nec

565 3653 710 3705 enim
767 3646 1059 3704 verisimile
1109 3650 1354 3715 videtur,
1411 3670 1603 3703 vocem

563 3730 700 3785 adeo
726 3744 909 3783 notam
931 3742 1188 3784 'mutatam
1212 3730 1374 3785 fuisse
1407 3750 1433 3782 a
1475 3750 1601 3783 cor-

561 3810 862 3864 rectoribus
891 3810 950 3861 in
976 3807 1099 3863 'eam
1133 3828 1251 3883 quae
1274 3810 1601 3864 difficilioria

561 3902 696 3943 esset
716 3890 1034 3943 intellectus.
1077 3890 1255 3944 Cur-ius
1287 3910 1317 3943 a
1344 3908 1488 3943 cura.
1516 3891 1601 3943 Ita

561 3988 740 4041 agnum
791 3972 1032 4021 curionem
1089 3972 1252 4041 §upra
1306 3968 1444 4022 dixit
1495 3988 1599 4040 pro

559 4069 774 4113 macro,
806 4049 936 4119 quia
949 4070 1066 4121 prae
1088 4050 1232 4103 curis
1261 4051 1599 4103 emaciantur

561 4131 827 4183 homines·
872 4130 954 4181 Ita
987 4130 1090 4182 hoc
1131 4131 1256 4183 loco
1297 4135 1482 4182 curium
1517 4135 1598 4181 in-

551 4212 830 4278 for-tamum
873 4206 1036 4275 dixit,
1079 4228 1189 4279 quo
1223 4226 1402 4263 macer
1444 4208 1602 4263 reddi

2679 2462 2737 2506 45

1692 2612 1861 2685 possit
1890 2612 2017 2677 iste,
2050 2614 2145 2684 qui
2185 2626 2290 2666 tam
2331 2610 2554 2667 sollicite
2585 2632 2736 2685 quae-

1690 2706 1866 2758 reret,
1908 2694 2004 2746 ubi
2028 2706 2162 2746 esset
2182 2694 2353 2747 Ballio
2380 2696 2524 2746 leno.
2554 2695 2731 2749 Sunt.

1708 2774 1829 2827 —Si
1848 2778 1984 2827 curio
2004 2792 2106 2845 pro
2128 2777 2263 2845 cyr-1⁶0
2284 2775 2539 2846 scriptum
2564 2777 2737 2845 euspi-

1693 2855 1804 2907 cari
1825 2855 2016 2918 liceat,
2044 2865 2106 2906 ut
2134 2854 2236 2906 fuit
2260 2853 2402 2906 Sulla
2427 2872 2529 2924 pro
2557 2853 2731 2925 Sylla,

1692 2952 1796 2987 vox
1856 2937 2013 3005 κύριος
2066 2934 2277 2986 venerit
2326 2935 2383 2987 in
2445 2946 2679 2986 mentem
2712 2958 2727 2997 ς

1691 3014 1864 3085 κυρίως
1914 3014 2114 3082 ἀτυχεῖν
2169 3011 2315 3067 idem
2366 3025 2519 3067 sonet
2576 3015 2726 3085 qnod

1701 3120 1723 3140 ι
1749 3092 1982 3146 solidum
2025 3094 2383 3146 infortunium
2417 3120 2439 3141 ι
2464 3130 2481 3155 ,
2523 3091 2592 3145 de
2620 3113 2731 3166 quo

1690 3171 1800 3226 vid.
1843 3175 2062 3226 Mercat.
2108 3175 2161 3238 1,
2210 3190 2257 3236 ι,
2306 3194 2395 3230 21.
2450 3174 2530 3225 lta
2575 3174 2733 3225 Plau-

1690 3262 1777 3305 tus
1825 3254 1950 3306 facit
2020 3278 2043 3300 ι
2074 3253 2355 3317 basilicae,
2406 3253 2726 3324 graphione,

1690 3350 1873 3385 morus
1894 3358 1917 3380 ιι
1945 3372 1959 3397 ,
2000 3346 2053 3385 et
2092 3333 2230 3387 infra
2258 3330 2333 3397 V,
2372 3350 2427 3398 ι,
2474 3332 2543 3385 23
2568 3372 2582 3397 ,
2610 3352 2731 3404 pro·

1694 3413 1872 3483 thymo.
1905 3412 1975 3465 N.

1775 3491 1869 3553 45.
1891 3492 2136 3562 Digitum.
2167 3490 2398 3543 Martial.
2428 3491 2612 3562 Epigr.
2637 3494 2695 3544 11
2711 3531 2728 3558 ,

1696 3574 1766 3625 28
1792 3589 1806 3624 ε
1829 3570 2060 3624 ‹Rideto
2092 3572 2321 3624 multum
2341 3607 2356 3635 ,
2376 3572 2469 3642 qni
2488 3585 2569 3637 tc,
2598 3571 2728 3624 Sex-

1690 3652 1826 3714 tille,
1844 3650 2109 3705 cinaedum
2124 3690 2141 3717 ,
2170 3652 2399 3713 Dixerit,
2420 3664 2472 3703 et
2492 3650 2723 3721 digitum

1690 3730 1953 3803 porrigito
1977 3731 2214 3784 medium
2243 3758 2291 3783 ι.
2316 3730 2467 3783 Idem
2492 3732 2592 3795 vl,
2616 3748 2687 3801 70
2710 3752 2725 3783 z

1697 3834 1720 3858 ι
1746 3811 1997 3864 Ostendit
2039 3811 2299 3882 digitum,
2350 3809 2447 3863 aed
2488 3809 2729 3881 impudi-

1690 3908 1812 3944 cum
1829 3928 1846 3955 ,
1898 3892 2137 3955 Alconti,
2186 3903 2289 3945 etc.
2323 3916 2345 3937 ι
2402 3892 2436 3942 J
2440 3890 2683 3943 uvenalis
2708 3909 2724 3943 τ

1696 3996 1719 4018 ι
1742 3988 1910 4041 quum
1939 3971 2190 4025 Fortunae
2210 3972 2327 4041 ipse
2352 3971 2549 4023 minaci
2573 3970 2731 4023 Man-

1689 4048 1841 4103 daret
1865 4051 2114 4121 laqueum
2131 4090 2145 4115 ,
2180 4050 2528 4120 mediumque
2550 4063 2747 4102 osten-⁸

1688 4129 1843 4183 deret
1868 4148 2102 4202 unguem
2115 4156 2158 4184 a».
2186 4131 2432 4201 Aliquem
2454 4127 2725 4183 deridere.

1694 4211 1957 4265 (ἔκοπτον.
1986 4242 2065 4253 --
2096 4213 2171 4263 Ae
2205 4212 2313 4273 hic,
2356 4211 2587 4279 Harpax.
2620 4209 2729 4262 Le-
