3067 5017
908 397 1257 466 Aeros
1307 398 1410 484 V,
1456 397 1794 468 scENA
1845 399 1978 468 1v.
2392 363 2519 496 '91

369 543 686 594 ADELPH.
726 522 834 590 An
867 532 1152 614 patruus
1191 533 1326 605 est,
1363 517 1835 612 Agorastocles
1857 573 1875 609 ,
1912 534 2069 588 tuus
2098 517 2271 589 hic?
2312 543 2527 593 AGon.

667 633 856 718 Jam,
895 629 1086 717 fax0,
1125 629 1344 700 scibis,

367 744 606 830 Nunc,
641 739 785 836 pol,
831 763 958 835 ego
996 755 1062 808 te
1099 738 1388 810 ulciscar
1430 723 1643 834 probe
1670 791 1689 828 ,
1728 763 1883 808 nam
1910 793 1931 828 ,
1970 739 2127 809 faxo
2148 793 2167 830 ,
2213 765 2363 810 mea
2399 741 2530 812 eris

661 875 928 947 sponsa.

365 987 544 1034 ΗΑΝ.
559 965 660 1032 Ite
679 962 748 1030 in
771 955 908 1055 jus,
929 986 1015 1030 ne
1027 961 1408 1031 moramini.
1429 984 1597 1032 ANT.
1615 964 1967 1031 Antestare
1980 985 2090 1030 me
2108 975 2311 1056 atque
2329 962 2522 1034 duce.

364 1096 585 1146 Acon.
625 1074 772 1167 Ego
806 1085 874 1140 te
904 1072 1293 1141 antestabor
1321 1098 1337 1141 ε
1374 1086 1607 1166 postea
1635 1073 1813 1141 hanc
1843 1073 2083 1142 amabo
2102 1127 2123 1161 ,
2148 1087 2349 1169 atque
2376 1099 2520 1144 am-

974 1206 991 1249 :
2470 1201 2525 1240 σο

365 1291 500 1363 Sed
545 1181 1026 1386 illuglegsilzssm
1071 1290 1258 1360 volui
1295 1289 1589 1360 dicere...
1636 1292 1777 1360 imo
1822 1289 1996 1378 dixi,
2034 1289 2291 1380 hercle,
2338 1291 2523 1388 quod

657 1399 986 1470 volebam.

367 1535 538 1583 ΒΑΝ.
567 1511 970 1599 Moramini3
1000 1509 1196 1604 injus
1215 1535 1332 1579 vos
1352 1535 1559 1595 voco„
1594 1508 1724 1579 nisi
1750 1508 2148 1580 honestiu’st
2171 1510 2520 1605 prehendi.

366 1645 672 1693 Annum.
707 1621 894 1711 Quid
925 1622 995 1690 in
1021 1621 1132 1714 jus
1157 1645 1355 1692 vocas
1382 1622 1549 1692 nos?
1576 1621 1741 1716 quid
1770 1620 1891 1689 tibi
1918 1620 2279 1692 debemus?
2309 1645 2522 1692 Acon.

659 1734 830 1802 Dice
873 1747 948 1802 tu
981 1731 1098 1802 illi.

366 1866 679 1912 ADELPH.
708 1843 931 1937 Etiam
953 1867 1064 1910 me
1089 1867 1254 1910 meae
1283 1840 1533 1912 latrant
1568 1842 1816 1913 canes?
1854 1865 2066 1911 Acon.
2096 1847 2187 1913 At
2214 1857 2287 1912 tu
2310 1896 2329 1930 ,
2366 1842 2519 1911 her-

658 1951 798 2040 cle,
843 1951 1230 2036 adludiat03

363 2065 546 2133 Dato
576 2063 749 2131 mihi
783 2087 910 2158 pro
943 2062 1081 2132 offa
1114 2062 1368 2132 savium
1394 2116 1412 2149 ,
1447 2087 1575 2158 pro
1609 2088 1755 2132 osse
1782 2062 2083 2160 linguam
2116 2062 2392 2156 objicito
2420 2090 2436 2132 ε
2470 2079 2523 2119 6⁵

363 2175 466 2242 Ita
506 2173 684 2242 hanc
721 2197 957 2242 canem
989 2173 1230 2243 faciam
1265 2173 1390 2242 tibi
1429 2170 1579 2242 oleo
1616 2173 2177 2268 tranquilliorem.

365 2403 408 2457 si
435 2403 766 2476 bonmfrugi
793 2423 881 2471 es,
899 2404 944 2458 si
966 2405 1140 2476 probe
1163 2417 1216 2458 te
1237 2405 1398 2476 geris.

361 2485 444 2538 Ita
469 2483 689 2555 quidem
719 2486 1038 2538 Lambinus.-
1057 2482 1163 2537 Sed
1190 2482 1248 2536 id
1284 2503 1397 2536 non

363 2576 613 2634 penetrat
632 2565 945 2618 interiorem
967 2575 1202 2617 mentem
1221 2565 1400 2633 :jocus

366 2657 444 2696 est
482 2645 538 2696 in
585 2645 930 2716 ambiguitate
969 2643 1124 2697 verbi
1173 2644 1394 2706 tenendi,

283 2715 288 2722 ’
363 2723 516 2796 quod
543 2736 599 2778 et
629 2725 770 2778 inter
797 2741 1042 2778 venerea.
1067 2725 1234 2777 Acm.

449 2805 544 2859 58.
572 2803 799 2858 Ulciscar
899 2807 996 2856 eris
1020 2823 1214 2874 sponsa.
1237 2801 1397 2856 Haud

361 2883 490 2938 satis
513 2897 724 2938 constat
751 2885 924 2938 oratio
943 2883 1153 2954 juvenis
1170 2921 1187 2947 ‚
1208 2895 1400 2953 utpote

363 2980 548 3016 amore
567 2964 980 3017 effervescentis.
1000 2965 1245 3036 Namque
1269 2962 1397 3016 dum

363 3057 560 3114 patruo
593 3042 852 3096 obediens
880 3042 1022 3096 dicto
1058 3061 1169 3096 esse
1196 3043 1313 3096 vult
1345 3055 1399 3096 et

361 3123 502 3176 fictis
531 3123 691 3176 minis
733 3143 850 3177 eam
892 3125 1139 3176 territare
1176 3121 1396 3193 incipit,

363 3201 657 3273 incogitate
686 3223 742 3256 se
776 3215 1042 3256 amantem
1075 3215 1128 3255 et
1161 3202 1398 3274 conjugii

364 3282 624 3352 cupidum
657 3283 870 3337 fatetur.
905 3281 1174 3354 Lepidum
1209 3283 1398 3354 hujus-

365 3361 514 3414 modi
549 3381 788 3415 errorem
821 3382 900 3416 vs.
930 3367 1000 3415 60
1023 3363 1220 3415 iterum
1244 3372 1396 3434 aget,

365 3443 543 3513 etjam
565 3443 886 3496 Mnesilochi
913 3444 1298 3496 conturhatum
1320 3442 1397 3494 ita

364 3540 667 3576 sermonem
689 3520 964 3578 audiimus
994 3521 1250 3576 Bacchid.
1273 3523 1359 3574 111
1379 3560 1395 3588 ,

369 3607 402 3665 4
422 3641 439 3667 ,
469 3607 524 3655 6.
545 3603 617 3656 N.
803 3611 808 3618 ·

447 3679 539 3750 59.
557 3683 838 3734 Antestare.
874 3683 1034 3736 Conf.
1079 3681 1300 3734 Curcul.
1322 3681 1396 3746 V,

371 3781 402 3815 2
422 3798 440 3825 ,
473 3761 567 3814 23.
1263 3772 1270 3778 “

447 3845 538 3894 60.
554 3840 732 3893 Postea
751 3842 875 3893 hanc
890 3841 1086 3906 amabo,
1097 3840 1210 3894 scil.
1230 3837 1398 3893 Adel-

363 3919 611 3989 phasium
633 3939 650 3972 τ
673 3921 846 3976 voluit
873 3918 1072 3985 dicere,
1097 3920 1395 3987 antestabor.

364 4001 550 4052 [ΑΗΒ.
1183 4037 1190 4044 .

450 4085 545 4132 61.
573 4077 677 4132 Sed
709 4080 850 4132 illud.
893 4079 1018 4150 Ipse
1061 4099 1116 4132 se
1158 4079 1398 4151 corrige-

367 4160 486 4227 bat,
517 4161 620 4214 nisi
649 4161 730 4214 vis
763 4160 962 4244 amoris
988 4171 1354 4230 praevorteret.

1570 2407 1667 2458 6².
1690 2405 1963 2464 Prehendi,
1992 2406 2111 2476 rapi
2131 2405 2309 2477 injus,
2326 2406 2523 2478 injecta

1487 2500 1671 2537 manu.

1576 2567 1671 2626 64.
1703 2563 1834 2616 Meoe
1862 2565 2049 2615 latrant
2076 2584 2236 2617 canes.
2268 2565 2523 2620 Lambin.

1489 2644 1684 2698 maluit
1710 2643 1971 2705 ananam,
1994 2642 2143 2714 quod
2171 2658 2249 2698 est
2274 2647 2329 2699 in
2353 2646 2521 2698 Paris.

1489 2723 1769 2777 Acidalius
1792 2723 1943 2776 malit
1971 2723 2121 2778 Brix.
2149 2725 2363 2778 «Etiam
2392 2744 2525 2778 meae

1489 2801 1549 2854 in
1575 2823 1662 2856 me
1688 2803 1887 2856 latrant
1921 2802 2114 2856 canes?
2150 2827 2173 2850 ι
2208 2803 2314 2857 Sed
2352 2816 2407 2856 et
2438 2805 2527 2857 alii

1489 2880 1745 2936 dixerunt
1774 2883 1956 2934 latrare
1985 2883 2221 2950 aliquem,
2266 2903 2369 2954 pro
2395 2884 2524 2935 alla-

1492 2974 1642 3016 trare.
1668 2963 1757 3016 Sic
1780 2961 1913 3016 Stat.
1943 2960 2209 3015 Thebaid.
2234 2963 2263 3014 Ι
2286 2981 2301 3015 :
2340 2989 2362 3010 ι
2384 2964 2521 3015 Um-

1484 3043 1720 3114 brasque
1746 3055 1968 3113 petunt,
1984 3055 2037 3096 et
2057 3042 2244 3094 nubila
2270 3043 2518 3095 latrant».

1488 3121 1683 3175 Horat.
1709 3123 1815 3175 Sat.
1828 3123 1884 3174 11
1902 3161 1918 3188 ,
1967 3139 1990 3174 1
2016 3140 2028 3174 :
2065 3147 2086 3168 ι
2110 3122 2164 3174 Si
2184 3121 2304 3192 quis
2322 3140 2522 3193 oppro-

1484 3201 1624 3254 briis
1693 3200 1917 3272 dignum
1991 3202 2265 3254 latraverit
2315 3201 2526 3272 integer

1483 3281 1603 3352 ipse
1624 3309 1669 3334 n.
1697 3281 1853 3334 Idem
1872 3321 1889 3347 ‚
1910 3281 2079 3352 Epist.
2102 3282 2191 3346 ΙΙ,
2238 3300 2266 3332 2
2304 3300 2317 3332 ε
2362 3307 2383 3328 ι
2408 3281 2521 3334 Ve-

1485 3361 1697 3414 naticus
1744 3380 1808 3414 ex
1852 3381 1964 3433 quo
2010 3361 2279 3414 cervinam
2326 3361 2522 3431 pellem

1483 3441 1699 3495 latravit
1724 3439 1782 3493 in
1807 3443 1927 3494 aula
1954 3466 2004 3493 ι.
2046 3431 2263 3494 Giton-'¹
2286 3438 2525 3500 -ss-Vide

1486 3521 1702 3592 Captiv.
1736 3522 1822 3573 ΙΙΙ
1848 3560 1865 3586 ,
1914 3541 1966 3574 2.
1996 3549 2075 3562 -—-
2108 3521 2323 3572 Latrone
2362 3540 2521 3574 canes.

1484 3600 1735 3654 Etiamne
1764 3600 1833 3664 ii,
1861 3601 1956 3670 qui
1983 3618 2084 3670 pro
2108 3618 2197 3652 me
2226 3599 2401 3653 facere
2427 3599 2522 3654 de-

1483 3681 1646 3745 bent,
1675 3679 1809 3732 mihi
1838 3677 2221 3732 adversantur?
2247 3713 2327 3722 -—
2359 3681 2523 3734 Adtu-

1483 3761 1624 3812 diare
1660 3759 1916 3812 dicuntur
1954 3759 2071 3811 heri
2118 3760 2339 3814 canibus
2376 3759 2484 3812 suis
2506 3801 2522 3826 ,

1485 3859 1657 3912 quum
1689 3839 1763 3892 eis
1794 3837 2041 3892 alludunt
2062 3876 2079 3902 ‚
2122 3857 2403 3910 quumque
2431 3859 2521 3892 eos

1485 3919 1813 3972 demulcent.
1840 3918 2052 3983 Sticho,
2073 3919 2160 3987 11,
2197 3921 2227 3973 3
2252 3959 2266 3984 ,
2293 3919 2523 3973 adiudic-

1485 4001 1549 4052 bo
1575 4000 1783 4051 mulieri.
1810 3999 1957 4050 Emw.

1570 4081 1661 4130 66.
1703 4079 1855 4130 Hanc
1897 4097 2092 4143 canem,
2142 4097 2247 4131 me.
2277 4107 2357 4118 --
2395 4078 2523 4131 Olea

1449 4205 1452 4208 Α
1492 4158 1892 4229 tranquilliorem.
1946 4145 2260 4230 Hyperbole
2310 4176 2529 4227 prover·
2576 4201 2584 4218 ,
