3067 5017
862 394 1213 464 ACTUS
1257 395 1417 476 ΙΙΙ,
1460 394 1798 463 SCENA
1858 397 1962 464 ΙΙ.
2351 394 2488 469 335

338 517 648 586 Coenabis
692 516 874 611 apud
913 542 1053 604 me,
1090 518 1415 611 quoniam
1454 515 1676 586 salvos
1708 517 2006 587 advenis.

334 653 573 699 emon.
611 626 963 698 Vocata’st
994 652 1197 722 opera
1226 652 1411 697 nunc
1439 626 1744 723 quiderm
1783 643 1921 697 tam
1959 628 2286 724 gratia'st.

334 766 495 813 cm..
541 741 888 809 Promitte.
931 764 1170 809 nmen.
1211 740 1487 807 Certum
1511 736 1612 807 ’st.
1653 762 1814 809 θη.
1850 738 1964 809 Sic
1999 738 2148 827 fac,
2185 742 2482 839 inquam.

613 874 864 921 sermm.
913 852 1119 920 Certa
1155 846 1327 917 re’st.

334 984 493 1030 Gen.
539 958 847 1027 Lubente
884 984 1027 1048 me,
1070 957 1339 1045 hercle,
1377 957 1598 1027 facies.
1643 982 1878 1030 niuem.
1925 959 2114 1029 Idem
2153 986 2278 1057 ego
2311 965 2484 1037 istuc

623 1070 783 1139 scio.
2431 1112 2483 1139 η,

330 1180 621 1271 Quando
659 1205 819 1249 usus
860 1180 1123 1265 veniet,
1155 1178 1289 1248 fiet.
1326 1204 1483 1249 Get..
1524 1181 1734 1249 Nune
1763 1204 1926 1274 crgo
1962 1204 2122 1250 usus
2159 1198 2281 1253 est.

326 1286 562 1362 emim.
602 1294 801 1379 Non,
832 1288 1104 1384 edepol,
1136 1314 1428 1382 possum.
1462 1314 1618 1359 cm..
1657 1289 1846 1377 Quid
1883 1292 2208 1384 gravare?
2245 1318 2483 1365 censeo

326 1404 493 1483 Eas;
518 1400 745 1469 nescio
777 1398 941 1493 quid
982 1424 1141 1467 vero
1176 1398 1391 1467 habeo
1427 1399 1497 1467 in
1534 1397 1816 1467 mundo.
1857 1422 2098 1471 Epion.
2127 1406 2161 1471 I
2198 1404 2436 1493 modo,

324 1509 550 1578 Alium
586 1510 937 1580 convivam
974 1510 1257 1604 quaerito
1302 1509 1425 1579 tibi
1467 1510 1535 1577 in
1570 1508 1754 1577 hunc
1813 1508 2016 1607 diem.

326 1643 476 1689 ent..
513 1620 703 1710 Quin
731 1635 809 1690 tu
832 1621 1213 1714 promittis?
1238 1644 1479 1691 mciv.
1514 1623 1674 1692 Non
1709 1644 1969 1715 graver,
1995 1621 2051 1690 si
2086 1622 2396 1715 possiem.
2431 1647 2482 1687 ιε

328 1753 478 1799 GEL.
525 1734 763 1800 Unum
802 1729 1113 1825 quidem,
1148 1730 1409 1818 hercle,
1446 1745 1708 1799 certum
1745 1731 2072 1825 promitto
2113 1731 2238 1801 tihi
2262 1759 2296 1804 ε.

326 1840 595 1911 Lubens
635 1840 967 1936 adcipiam
990 1895 1009 1929 ‚
1043 1856 1227 1911 certo
1268 1841 1323 1911 si
1360 1842 1772 1937 promiseris,
1803 1873 1818 1886 ·

328 1950 1019 2047 mmvaleaqmn
1039 1955 1410 2022 Certumne
1430 1951 1552 2021 ’st?
1595 1972 1840 2021 nnc-u.-
1866 1952 2168 2038 Certum,
2196 1952 2476 2023 coenabo

609 2064 816 2133 domi.

323 2198 475 2245 cm..
515 2172 1089 2267 Quandoquidem
1118 2172 1393 2265 operam
1442 2184 1634 2239 tuam
1667 2196 1807 2239 non
1845 2172 1944 2239 vis
1981 2172 2411 2264 promittere,

319 2283 579 2353 Vin’ad
618 2300 683 2353 te
719 2283 805 2353 ad
839 2306 1095 2353 coenam
1124 2282 1431 2350 veniam?
1467 2304 1706 2350 EPIGN.
1737 2281 1808 2348 Si
1846 2280 2122 2371 possim,
2149 2279 2391 2370 velim3
2418 2301 2471 2341 δι’

314 2396 567 2463 Verum
602 2393 753 2465 heic
790 2390 973 2488 apud
1012 2416 1120 2461 me
1158 2406 1427 2459 coenant
1474 2388 1679 2458 alieni
1723 2414 1987 2457 novem.

311 2529 467 2575 cm..
513 2504 719 2575 Haud
750 2502 1021 2599 postulo
1051 2500 1367 2596 equidem
1411 2526 1519 2569 me
1558 2501 1628 2568 in
1670 2498 1847 2569 lecto
1881 2498 2319 2570 adcumberet

391 2736 482 2789 18..
515 2731 573 2783 V
566 2742 726 2784 ocata.
750 2727 897 2779 Men.
917 2723 1028 2788 111,
1060 2739 1113 2785 1,
1144 2738 1168 2771 1
1186 2738 1233 2771 ι.
1258 2749 1336 2760 --
1424 2717 1566 2789 quiS,
1583 2734 1768 2769 omnes
1789 2734 1936 2787 aequa
1959 2727 2110 2787 parte
2127 2714 2196 2769 ad
2220 2734 2460 2772 mensam

313 2812 491 2883 Opera.
518 2810 743 2867 Cureul.
759 2808 875 2869 ΙΙΙ,
912 2823 939 2855 2
962 2842 978 2867 ,
1022 2819 1073 2869 9.
1106 2828 1181 2841 -
1209 2800 1335 2851 Tam
1422 2796 1833 2867 pertingebant?
1863 2796 1984 2849 Hoc
2017 2794 2198 2849 modo,
2246 2797 2459 2851 Primus

302 2896 467 2963 gracia
495 2894 574 2944 ἐι.
603 2886 797 2942 Pseud.
822 2886 911 2948 ΙΙ,
941 2890 1007 2947 4,
1040 2878 1131 2932 23.
1422 2875 1776 2929 decumbebat
1805 2873 1875 2928 ad
1905 2888 2065 2945 caput
2095 2875 2217 2929 lecti
2248 2893 2264 2927 ε
2295 2876 2460 2946 pedes

388 2992 481 3042 19.
520 2972 715 3024 Certum
749 2969 813 3019 ’st
837 2982 923 3017 me
962 2971 1215 3015 vocatum
1263 2958 1332 3010 ab
1420 2958 1835 3027 porrigebantur
1857 2973 2000 3025 pone
2024 2953 2246 3007 dorsum
2272 2974 2457 3009 secun-

302 3052 405 3105 alio
434 3050 502 3104 ad
526 3068 751 3104 coenam.
790 3074 868 3093 -v-
911 3042 997 3096 Sic
1014 3044 1109 3108 sac
1124 3079 1140 3103 ‚
1192 3051 1251 3091 ut
1282 3050 1331 3091 te
1420 3032 1494 3087 di.
1518 3034 1794 3089 Secundus
1821 3053 1949 3087 vero
1972 3034 2188 3105 occiput
2205 3034 2453 3088 obverte·

304 3150 448 3203 rogo.
470 3132 644 3184 Instat
662 3127 911 3181 invitans.
1418 3115 1511 3167 bat
1536 3112 1606 3169 ad
1630 3114 1948 3167 umbilicum
1981 3114 2176 3185 primi,
2221 3115 2450 3185 pulvillo

385 3230 472 3265 2ο.
498 3209 708 3263 Lubente
734 3226 837 3272 me,
868 3204 1055 3273 sacia-5.
1103 3198 1159 3252 Si
1195 3196 1330 3249 mihi
1417 3194 1721 3261 interiecto;
1757 3192 1923 3265 pedes
1951 3193 2195 3264 jacebant
2228 3192 2298 3246 ad
2341 3206 2451 3248 ter·

304 3290 551 3345 annueris
600 3286 845 3350 vocanti,
903 3280 1036 3334 mihi
1089 3289 1325 3349 gratum,
1415 3292 1544 3345 gum
1564 3274 1708 3327 tertii
1735 3296 1746 3324 :
1781 3287 1832 3326 et
1853 3274 1929 3327 sic
1953 3271 2205 3344 deinceps
2227 3275 2447 3342 tertiuS,

305 3369 445 3441 quod
466 3370 651 3423 lubeat
669 3366 830 3423 mihi,
851 3364 1029 3418 facies.
1415 3354 1491 3406 sic
1526 3365 1764 3423 quartus.
1791 3354 2023 3406 De'loco
2059 3351 2314 3423 digniori.
2353 3354 2407 3407 Is
2427 3392 2445 3421 ,

382 3449 471 3501 23.
502 3448 685 3502 Censeo
714 3465 795 3497 eas
814 3486 829 3509 ,
877 3457 1095 3511 aequum
1134 3454 1325 3490 censeo
1414 3433 1508 3504 qui
1530 3434 1736 3504 primus
1755 3446 1808 3485 et
1829 3430 1896 3485 ad
1919 3444 2077 3503 caput
2094 3432 2219 3485 lecti
2235 3437 2446 3486 decum-

302 3540 351 3581 te
375 3528 558 3581 venire
580 3526 649 3579 ad
671 3543 758 3577 me
782 3534 1067 3576 coenatum.
1412 3512 1606 3577 bebat,
1641 3532 1848 3564 summus
1888 3510 2164 3565 dicebatur
2195 3533 2206 3563 ε
2241 3511 2335 3583 qui
2375 3512 2446 3566 ad

380 3627 473 3677 ²7·
498 3608 781 3676 Adcipiam.
809 3600 1000 3655 Bacch.
1010 3598 1086 3659 V,
1112 3616 1164 3659 2,
1188 3595 1283 3662 63.
1412 3590 1578 3662 pedes
1593 3632 1608 3657 ‚
1632 3597 1752 3645 imus
1767 3612 1785 3642 .·
1809 3592 1901 3663 qui
1915 3592 2055 3644 inter
2076 3591 2218 3647 istos,
2241 3592 2441 3647 medius.

378 3688 471 3740 31.
486 3687 689 3740 Novem.
708 3684 885 3755 Igitur
908 3677 1056 3751 pleni
1080 3675 1224 3729 lecti.
1412 3670 1554 3725 Hinc
1595 3672 1688 3725 ina
1732 3671 1907 3725 Plauti
1956 3692 1967 3721 ε
2027 3697 2048 3718 ι
2068 3672 2147 3723 Da
2194 3689 2332 3741 puer
2369 3672 2439 3725 nb

377 3766 469 3819 32.
485 3767 571 3819 Me
597 3766 804 3819 inlecto.
822 3757 1221 3814 Accumbebant
1238 3772 1323 3807 re·
1412 3770 1622 3803 summo
1639 3790 1656 3816 ,
1687 3764 1786 3804 etc.
1821 3776 1842 3797 ι
1864 3804 1869 3808 .
1902 3750 1972 3803 Et
1997 3748 2042 3802 si
2067 3762 2175 3802 tres
2201 3750 2444 3804 convivae

299 3844 487 3899 clinnta
536 3862 731 3916 supera
771 3853 925 3915 parte
975 3834 1215 3907 corporis
1264 3834 1321 3886 in
1410 3830 1467 3882 in
1494 3850 1604 3883 uno
1635 3831 1803 3896 lecto,
1831 3830 2065 3889 medius,
2102 3828 2444 3899 dignissimus

298 3926 535 3978 cubitum
576 3924 881 3985 sinistrum,
920 3918 1089 3971 infera
1119 3916 1174 3967 in
1206 3914 1325 3966 lon·
1409 3929 1663 3964 summus.
1696 3911 1841 3962 Ln‘s.
1873 3940 1952 3952 -—-
1981 3909 2132 3961 Servi
2156 3928 2264 3961 non
2288 3909 2344 3962 in
2368 3911 2444 3963 le-

298 4022 416 4073 gum
459 4016 708 4075 porrecta
750 4020 812 4055 ac
852 4002 1103 4071 jacentez
1151 3993 1323 4065 capite
1411 4002 1529 4053 cto,
1563 3990 1656 4043 sed
1693 3990 1747 4041 in
1777 3988 2025 4042 subsellio
2057 3991 2205 4060 juxta
2239 3990 2438 4043 lectum

296 4082 482 4139 leviter
532 4095 741 4147 erecto,
798 4078 962 4133 dorso
1009 4095 1042 4129 a
1092 4072 1327 4146 pulvillis
1410 4068 1650 4123 sedentes
1681 4069 1821 4121 vesci
1853 4068 2109 4121 solebant.
2147 4069 2326 4123 Guu’r.
2357 4100 2439 4114 --

298 4162 497 4219 modice
513 4162 752 4218 suffulto.
772 4158 880 4214 Sed
906 4152 1180 4229 quomodo
1197 4192 1214 4219 ,
1240 4152 1323 4207 in·
1412 4148 1557 4203 Vide
1584 4149 1724 4202 infra
1735 4140 1818 4215 V,
1847 4155 1880 4213 4
1900 4189 1915 4214 ,
1947 4167 1976 4201 2
1993 4168 2041 4202 ι.
