3067 5017
628 442 760 488 100
1369 421 1985 490 SUPPOSITA.

929 650 1555 740 POENULO
1626 651 2419 742 SUPPOSITA.

612 879 790 944 Post
821 887 1026 944 actus
1057 878 1121 944 V
1155 895 1446 944 scenam
1461 845 1551 942 'vr
1570 925 1588 956 ,
1626 888 1697 942 et
1728 875 2041 944 ultimam
2057 927 2081 960 ,
2123 875 2551 968 adjecerunt
2580 890 2750 946 vett.

1189 993 1382 1066 editt.
1428 1011 1841 1091 sequentem
1874 1011 2181 1068 scenam.

648 1221 1398 1304 AGORASTOCLES‚
1449 1221 1787 1308 LYCUS,
1840 1223 2167 1292 HANNO
2187 1274 2206 1306 ‚
2256 1224 2719 1292 ADELPHA·

871 1346 1098 1416 SIUM
1113 1395 1132 1430 ‚
1186 1345 1676 1414 ANTERAST.
1730 1343 2478 1416 ANTHEMONIDES.

611 1597 646 1640 ε(
674 1590 890 1640 Aeon.
927 1566 1153 1654 Quam
1188 1587 1328 1632 rem
1366 1565 1503 1658 agit
1542 1565 1598 1632 is
1633 1562 1859 1650 miles,
1894 1565 2059 1658 quoi
2095 1562 2283 1634 lubet
2316 1579 2559 1660 patruo
2600 1589 2755 1634 meo

901 1674 1084 1767 loqui
1133 1671 1615 1742 inclementer?

533 1839 541 1848 .
607 1789 774 1857 «Ne
797 1784 1071 1866 mirere,
1097 1780 1412 1851 mulieres
1440 1782 1625 1877 quod
1652 1807 1807 1852 eum
1838 1798 2245 1878 sequuntur:
2280 1785 2485 1854 modo
2517 1811 2761 1882 cogno·
2834 1857 2847 1868 ,

839 1953 847 1963 .
902 1893 1000 1962 vit
1033 1891 1203 1961 filias

488 2064 494 2070 ,
607 2036 642 2071 α
667 2011 836 2078 Suas
869 2028 1009 2073 esse
1043 2003 1242 2072 hasce.
1282 2002 1534 2070 ambas.
1576 2026 1738 2071 msc.
1775 2005 1986 2088 Hem,
2014 2003 2198 2098 quod
2242 2006 2521 2074 verbum
2564 2030 2757 2074 aures

906 2137 1086 2181 meas
1124 2111 1340 2202 tetigit
1371 2108 1385 2180 !
1427 2136 1611 2179 nunc
1652 2113 1821 2205 perii
1853 2110 1867 2181 !

616 2255 650 2290 α
676 2223 877 2296 Unde
901 2222 1004 2291 hae
1033 2219 1421 2316 perierunt?
1451 2244 1672 2291 Aeon.
1702 2224 1933 2291 Domo
1961 2223 2542 2318 Carthaginienses
2574 2239 2754 2294 sunt.

912 2356 1068 2402 nc.
1107 2339 1198 2401 At
1239 2354 1364 2424 ego
1401 2353 1549 2398 sum
1592 2330 1910 2425 perditus,

617 2476 650 2510 α
679 2443 858 2515 Illud
902 2467 1030 2537 ego
1074 2441 1283 2508 metui
1334 2465 1640 2534 semper,
1698 2465 1784 2510 ne
1830 2457 2265 2536 cognosceret
2321 2468 2429 2513 eas
2477 2441 2757 2538 aliquis:

910 2551 1093 2646 quod
1133 2575 1318 2620 nunc
1359 2550 1610 2618 factum
1648 2565 1765 2620 est.

624 2696 658 2730 «
683 2667 806 2734 Vae
842 2664 1086 2732 misero
1127 2656 1335 2730 mihi!
1378 2663 1667 2754 periere,
1706 2663 1989 2757 opinor,
2028 2661 2487 2758 duodeviginti
2525 2664 2763 2754 minae,

911 2772 1028 2866 qui
1064 2773 1263 2841 hasce
1302 2771 1454 2840 emi.

623 2916 656 2951 α
688 2908 905 2954 Aeon.
946 2887 1034 2951 Et
1076 2896 1152 2950 tu
1186 2882 1327 2975 ipse
1370 2882 1667 2975 periisti,
1702 2885 1881 2977 Lyce
1914 2910 1930 2952 ε
1963 2883 2550 2978 Carthaginienses
2584 2900 2762 2954 sunt.

916 3015 1070 3061 1210.
1118 2995 1202 3061 At
1239 3015 1364 3084 ego
1406 3015 1557 3059 sum
1597 2992 1916 3084 perdituS.
1954 3017 2127 3062 ΒΑΝ.
2164 2995 2337 3082 Quis
2363 2995 2473 3063 hic
2504 2996 2655 3064 est?

627 3135 660 3168 α
679 3108 928 3174 Utrum
949 3102 1004 3170 is
1031 3115 1130 3170 est
1157 3100 1412 3169 novelle
1447 3101 1842 3188 novellicuS‚
1872 3105 1941 3171 in
1974 3104 2288 3173 servitute
2313 3106 2425 3174 hic
2452 3107 2567 3198 qui
2597 3103 2762 3174 filias

917 3211 1155 3279 habuit
1199 3211 1414 3280 duas?

629 3354 662 3387 «
689 3346 909 3395 Aeon.
940 3324 1026 3390 Et
1051 3322 1382 3390 mihiauri
1411 3321 1522 3391 fur
1541 3337 1658 3414 est.
1693 3347 1866 3402 ΒΑΝ.
1882 3321 2143 3393 Bellum
2168 3325 2533 3414 hominem,
2561 3351 2761 3421 quem

920 3432 1228 3499 noveris,
1264 3431 1414 3500 leno
1435 3457 1797 3526 ,rapacem

631 3573 665 3606 ιι
691 3546 790 3612 Te
820 3563 962 3610 esse
994 3564 1257 3634 semper
1281 3541 1596 3610 credidi.
1633 3567 1869 3612 verum
1906 3545 2107 3616 etiam
2143 3541 2473 3633 furacem,
2508 3546 2625 3640 qui
2652 3571 2768 3614 no-

926 3665 1087 3720 runt
1123 3651 1356 3747 magiS.
1402 3677 1557 3723 LYG.
1590 3653 1942 3724 Accedam.

630 3792 664 3824 α
687 3766 816 3831 Per
859 3787 983 3856 ego
1011 3777 1076 3832 te
1118 3778 1234 3832 tua
1257 3778 1478 3858 gemla
1513 3763 1823 3851 obsecre,
1848 3779 1917 3834 et
1953 3765 2134 3832 hunc
2166 3780 2527 3860 cognatum
2564 3792 2763 3860 quem

925 3887 1116 3940 tuum
1151 3897 1293 3943 esse
1330 3872 1669 3967 intellego.

634 4011 668 4045 «ι
695 3980 995 4071 Quando
1038 3983 1199 4052 boni
1244 3985 1432 4072 estis»,
1474 3998 1552 4054 ut
1594 3984 1815 4054 bonos
1860 3982 2075 4056 facere
2110 3985 2420 4075 addecet,
2460 3987 2657 4056 facite
2701 4003 2766 4056 et

919 4107 1144 4161 vostro
1185 4095 1621 4164 subvenitatis
1655 4093 1957 4190 supplici.
