3067 5017
436 410 449 427 “
542 382 684 455 330
930 380 1408 466 STICHUS,
1454 381 1791 451 ACTUS
1839 382 1953 467 ΙΙ,
2003 380 2141 479 853.
2193 383 2298 451 ΙΙ.

536 532 701 579 mn.
752 508 829 593 Ι,
885 504 909 571 i
948 504 1126 572 intro
1150 557 1169 587 ‚
1208 503 1606 593 Dinacium3
1666 504 1832 598 jube
1867 503 2158 573 famulos
2199 530 2338 574 rem
2381 503 2678 577 divinam
2761 586 2768 591 ,

604 604 609 609 ’
816 613 990 683 mihi
1022 613 1367 707 adparent.

526 731 706 796 Bene
750 724 915 795 vale.
966 748 1126 795 cm..
1180 724 1337 797 Vin’
1372 722 1888 795 administrem?
1945 746 2114 795 Pur.
2167 726 2284 795 Sat
2329 746 2676 817 servorum

817 837 1031 907 habeo
1078 836 1281 906 domi.

524 936 685 1017 cm„
719 948 923 1017 Enim
955 970 1115 1015 vero
1138 1002 1157 1034 ‚
1192 944 1538 1016 Gelasime
1559 1001 1579 1035 ‚
1619 946 1886 1041 opinor,
1919 945 2288 1040 provenisti
2325 945 2552 1033 sutile,

522 1058 590 1127 Si
628 1083 847 1151 neque
880 1056 992 1127 ille
1030 1058 1255 1147 adest,
1293 1059 1513 1151 neque
1549 1056 1691 1147 hic,
1721 1058 1840 1152 qui
1869 1056 2090 1145 venit,
2125 1056 2498 1151 quidquam
2525 1058 2678 1125 snb·

768 1213 775 1221 ·
817 1182 1020 1237 vemt.

520 1276 645 1345 Ibo
680 1277 859 1345 intro
895 1276 981 1344 ad
1014 1276 1223 1346 libros
1258 1290 1325 1345 et
1367 1276 1623 1346 discam
1662 1274 1747 1343 de
1780 1273 1977 1344 dictis
2019 1274 2451 1346 melioribus:
2621 1300 2673 1352 7⁵

515 1386 693 1455 Nam
728 1386 800 1453 ni
845 1385 993 1456 illos
1029 1374 1639 1480 homines'expello
1661 1436 1682 1473 ‚
1729 1410 1856 1480 ego
1895 1384 2122 1454 obeidi
2163 1383 2592 1479 planissume.

518 1569 739 1641 auspice
804 1569 947 1622 hona
1002 1581 1148 1623 tanta
1210 1569 1548 1622 invenissem.
1721 1566 2484 1639 72.Administrem.Curc.IV,
2505 1586 2557 1633 1,
2579 1588 2670 1623 υ.

523 1681 605 1693 —-
672 1650 995 1701 Discessisses.
1063 1649 1283 1701 Decima
1350 1648 1556 1701 scilicet
1722 1646 1814 1716 73.
1835 1646 2104 1699 Provenisti
2119 1646 2288 1712 sutile.
2313 1645 2392 1699 Ut
2411 1665 2442 1699 a
2466 1647 2636 1701 facilis
2656 1690 2672 1714 ‚

516 1726 741 1781 adaucta
767 1729 869 1782 tibi
900 1747 962 1781 ex
1000 1728 1297 1782 hereditate
1320 1765 1337 1791 ,
1388 1747 1551 1800 quam
1641 1726 1821 1789 facile,
1871 1726 1946 1779 its
1987 1744 2019 1779 a
2056 1726 2251 1790 futilis,
2281 1726 2436 1793 suta'le
2481 1726 2674 1782 adver-

516 1808 710 1863 frustra
726 1806 1073 1877 cupidissime
1090 1808 1419 1861 inhiaveram
1433 1826 1550 1863 cre-
1635 1806 1790 1861 bium
1818 1818 1915 1859 est0
1943 1806 2216 1858 Provenisti
2229 1806 2384 1873 sutile
2411 1807 2552 1859 nihil
2582 1807 2676 1861 hic

518 1886 701 1940 dulus:
723 1905 885 1959 quam
912 1887 955 1939 si
980 1906 1043 1940 ex
1070 1887 1325 1940 sententia
1348 1888 1551 1940 utrius-
1637 1884 1786 1940 aliud
1814 1885 2100 1956 significat,
2129 1904 2287 1957 quam
2314 1904 2328 1937 z
2360 1886 2513 1940 Nihil
2537 1888 2672 1941 effe-

517 1985 623 2038 que
668 1972 912 2020 'nostrum
954 1984 1173 2019 cernere
1211 1967 1552 2037 contigisset,
1641 1966 1788 2032 cisti,
1810 1966 2003 2018 frustra
2033 1983 2106 2018 es.
2136 1966 2311 2018 Boxfl.

516 2064 601 2099 nae
638 2059 693 2100 tu
734 2047 959 2117 pulchre
1000 2065 1063 2101 ac
1102 2042 1319 2099 basilice
1344 2045 1552 2101 decima
1721 2051 1817 2115 74.
1841 2046 2012 2116 Neque
2031 2044 2143 2111 itte,
2161 2043 2672 2116 Pamphilippum—-

516 2126 646 2191 ista,
668 2144 828 2199 quam
855 2126 1018 2192 vovi,
1045 2140 1249 2181 mactus
1278 2145 1340 2181 ac
1371 2126 1550 2197 pollu-
1639 2126 1807 2199 Neque
1832 2126 1910 2177 hic
1938 2130 2023 2197 qm·
2053 2128 2205 2187 venit,
2239 2126 2590 2197 Epignomus.

517 2218 631 2257 ctus
669 2204 1009 2259 discessisses.
1050 2206 1344 2259 Lambinus
1373 2219 1549 2278 poetas
1726 2208 1822 2276 75.
1851 2205 2045 2259 Libros.
2078 2204 2164 2258 cf.
2189 2206 2332 2258 Pers.
2358 2205 2463 2267 111,
2492 2224 2543 2271 1,
2572 2194 2668 2269 64.

516 2296 753 2339 mentem
774 2305 887 2340 non
908 2285 1063 2341 vidit.
1092 2287 1303 2341 Douzs.
1717 2288 1812 2355 76.
1833 2286 1953 2339 utos
1985 2286 2213 2339 homines.
2239 2286 2370 2358 Sup.
2389 2286 2482 2340 63.

1204 2782 1295 2791 ·--—-
1310 2767 1996 2801 Ἴ··-----··Θ·ῡΦι---ι--ω---υυ
