<?xml version="1.0" encoding="UTF-8"?>
<!DOCTYPE html PUBLIC "-//W3C//DTD XHTML 1.0 Transitional//EN"
    "http://www.w3.org/TR/xhtml1/DTD/xhtml1-transitional.dtd">
<html xmlns="http://www.w3.org/1999/xhtml" xml:lang="en" lang="en">
 <head>
  <title>
</title>
<meta http-equiv="Content-Type" content="text/html;charset=utf-8" />
  <meta name='ocr-system' content='tesseract 3.04.00' />
  <meta name='ocr-capabilities' content='ocr_page ocr_carea ocr_par ocr_line ocrx_word'/>
</head>
<body>
  <div class='ocr_page' id='page_1' title='image "./macciiplauticom00naudgoog_0614.png"; bbox 0 0 3067 5017; ppageno 0'>
   <div class='ocr_carea' id='block_1_1' title="bbox 476 381 1910 479">
    <p class='ocr_par' dir='ltr' id='par_1_1' title="bbox 476 381 1910 479">
     <span class='ocr_line' id='line_1_1' title="bbox 476 381 1910 479; baseline -0.004 -25"><span class='ocrx_word' id='word_1_1' title='bbox 476 381 628 479; x_wconf 64' lang='lat'><strong>606</strong></span> <span class='ocrx_word' id='word_1_2' title='bbox 1206 382 1459 451; x_wconf 76' lang='lat' dir='ltr'><strong>vlTA</strong></span> <span class='ocrx_word' id='word_1_3' title='bbox 1507 382 1910 452; x_wconf 83' lang='lat' dir='ltr'><strong>PLAUTI.</strong></span> 
     </span>
    </p>
   </div>
   <div class='ocr_carea' id='block_1_2' title="bbox 473 501 2621 717">
    <p class='ocr_par' dir='ltr' id='par_1_2' title="bbox 473 501 2621 717">
     <span class='ocr_line' id='line_1_2' title="bbox 474 501 2619 599; baseline -0.001 -23"><span class='ocrx_word' id='word_1_4' title='bbox 474 522 745 593; x_wconf 61' lang='lat' dir='ltr'><strong>caeteros</strong></span> <span class='ocrx_word' id='word_1_5' title='bbox 800 519 946 574; x_wconf 89' lang='lat' dir='ltr'><strong>tum</strong></span> <span class='ocrx_word' id='word_1_6' title='bbox 988 517 1225 597; x_wconf 74' lang='lat' dir='ltr'><strong>poetas</strong></span> <span class='ocrx_word' id='word_1_7' title='bbox 1272 502 1615 573; x_wconf 86' lang='lat' dir='ltr'><strong>nobilibus</strong></span> <span class='ocrx_word' id='word_1_8' title='bbox 1648 502 1952 599; x_wconf 83' lang='lat' dir='ltr'><strong>patronis</strong></span> <span class='ocrx_word' id='word_1_9' title='bbox 1967 554 1989 587; x_wconf 91' lang='lat'>,</span> <span class='ocrx_word' id='word_1_10' title='bbox 2033 501 2268 571; x_wconf 84' lang='lat' dir='ltr'><strong>iisdem</strong></span> <span class='ocrx_word' id='word_1_11' title='bbox 2326 526 2498 599; x_wconf 81' lang='lat' dir='ltr'><strong>saepe</strong></span> <span class='ocrx_word' id='word_1_12' title='bbox 2547 520 2619 573; x_wconf 86' lang='lat' dir='ltr'><strong>et</strong></span> 
     </span>
     <span class='ocr_line' id='line_1_3' title="bbox 473 615 2621 717; baseline -0.002 -26"><span class='ocrx_word' id='word_1_13' title='bbox 473 646 757 717; x_wconf 85' lang='lat' dir='ltr'><strong>operum</strong></span> <span class='ocrx_word' id='word_1_14' title='bbox 806 618 1111 703; x_wconf 70' lang='lat' dir='ltr'><strong>arbitria,</strong></span> <span class='ocrx_word' id='word_1_15' title='bbox 1148 642 1305 687; x_wconf 85' lang='lat' dir='ltr'>usos</span> <span class='ocrx_word' id='word_1_16' title='bbox 1355 618 1560 688; x_wconf 83' lang='lat' dir='ltr'><strong>fuisse</strong></span> <span class='ocrx_word' id='word_1_17' title='bbox 1594 632 1909 701; x_wconf 82' lang='lat' dir='ltr'><strong>narrant,</strong></span> <span class='ocrx_word' id='word_1_18' title='bbox 1952 615 2242 704; x_wconf 79' lang='lat' dir='ltr'><strong>scilicet,</strong></span> <span class='ocrx_word' id='word_1_19' title='bbox 2281 618 2621 689; x_wconf 84' lang='lat' dir='ltr'><strong>Androni-</strong></span> 
     </span>
    </p>
   </div>
   <div class='ocr_carea' id='block_1_3' title="bbox 473 714 2760 830">
    <p class='ocr_par' dir='ltr' id='par_1_3' title="bbox 473 714 2760 830">
     <span class='ocr_line' id='line_1_4' title="bbox 473 714 2760 830; baseline -0.002 -24"><span class='ocrx_word' id='word_1_20' title='bbox 473 762 629 806; x_wconf 85' lang='lat' dir='ltr'><strong>cum</strong></span> <span class='ocrx_word' id='word_1_21' title='bbox 664 736 894 822; x_wconf 84' lang='lat' dir='ltr'><strong>Livio,</strong></span> <span class='ocrx_word' id='word_1_22' title='bbox 927 734 1225 805; x_wconf 86' lang='lat' dir='ltr'><strong>Ennium</strong></span> <span class='ocrx_word' id='word_1_23' title='bbox 1258 728 1575 829; x_wconf 80' lang='lat' dir='ltr'>Scipione</span> <span class='ocrx_word' id='word_1_24' title='bbox 1616 735 1842 830; x_wconf 80' lang='lat' dir='ltr'><strong>priore</strong></span> <span class='ocrx_word' id='word_1_25' title='bbox 1875 725 2194 805; x_wconf 74' lang='lat' dir='ltr'><strong>Africano</strong></span> <span class='ocrx_word' id='word_1_26' title='bbox 2229 748 2295 802; x_wconf 79' lang='lat' dir='ltr'><strong>et</strong></span> <span class='ocrx_word' id='word_1_27' title='bbox 2329 737 2429 803; x_wconf 91' lang='lat' dir='ltr'><strong>M.</strong></span> <span class='ocrx_word' id='word_1_28' title='bbox 2461 734 2623 805; x_wconf 89' lang='lat' dir='ltr'><strong>Ful·</strong></span> <span class='ocrx_word' id='word_1_29' title='bbox 2674 714 2685 723; x_wconf 45' lang='grc'><strong>’</strong></span> <span class='ocrx_word' id='word_1_30' title='bbox 2753 747 2760 757; x_wconf 89' lang='grc'><em>·</em></span> 
     </span>
    </p>
   </div>
   <div class='ocr_carea' id='block_1_4' title="bbox 471 846 2632 2086">
    <p class='ocr_par' dir='ltr' id='par_1_4' title="bbox 471 846 2630 1627">
     <span class='ocr_line' id='line_1_5' title="bbox 471 846 2620 943; baseline -0.001 -24"><span class='ocrx_word' id='word_1_31' title='bbox 471 851 583 919; x_wconf 83' lang='lat' dir='ltr'><strong>vio</strong></span> <span class='ocrx_word' id='word_1_32' title='bbox 602 902 623 935; x_wconf 88' lang='lat'>‚</span> <span class='ocrx_word' id='word_1_33' title='bbox 661 849 1031 918; x_wconf 76' lang='lat' dir='ltr'><strong>Pacuvium</strong></span> <span class='ocrx_word' id='word_1_34' title='bbox 1066 847 1293 942; x_wconf 79' lang='lat' dir='ltr'><strong>priore</strong></span> <span class='ocrx_word' id='word_1_35' title='bbox 1328 846 1535 917; x_wconf 81' lang='lat' dir='ltr'><strong>Laelio</strong></span> <span class='ocrx_word' id='word_1_36' title='bbox 1556 901 1577 935; x_wconf 92' lang='lat'>‚</span> <span class='ocrx_word' id='word_1_37' title='bbox 1604 846 1848 917; x_wconf 80' lang='lat' dir='ltr'><strong>deinde</strong></span> <span class='ocrx_word' id='word_1_38' title='bbox 1883 848 2272 917; x_wconf 81' lang='lat' dir='ltr'><strong>Terentium</strong></span> <span class='ocrx_word' id='word_1_39' title='bbox 2307 848 2620 943; x_wconf 86' lang='lat' dir='ltr'>Scipione</span> 
     </span>
     <span class='ocr_line' id='line_1_6' title="bbox 474 960 2622 1057; baseline -0 -24"><span class='ocrx_word' id='word_1_40' title='bbox 474 978 541 1033; x_wconf 79' lang='lat' dir='ltr'><strong>et</strong></span> <span class='ocrx_word' id='word_1_41' title='bbox 572 961 779 1033; x_wconf 83' lang='lat' dir='ltr'><strong>Laelio</strong></span> <span class='ocrx_word' id='word_1_42' title='bbox 813 962 1209 1057; x_wconf 74' lang='lat' dir='ltr'><strong>posteriore,</strong></span> <span class='ocrx_word' id='word_1_43' title='bbox 1244 986 1533 1057; x_wconf 87' lang='lat' dir='ltr'>quorum</span> <span class='ocrx_word' id='word_1_44' title='bbox 1565 962 1766 1031; x_wconf 79' lang='lat' dir='ltr'><strong>etiam</strong></span> <span class='ocrx_word' id='word_1_45' title='bbox 1809 961 2083 1057; x_wconf 86' lang='lat' dir='ltr'><strong>ingenio</strong></span> <span class='ocrx_word' id='word_1_46' title='bbox 2121 960 2396 1031; x_wconf 84' lang='lat' dir='ltr'><strong>fretum¹</strong></span> <span class='ocrx_word' id='word_1_47' title='bbox 2437 962 2622 1032; x_wconf 87' lang='lat' dir='ltr'>hunc</span> 
     </span>
     <span class='ocr_line' id='line_1_7' title="bbox 477 1073 2625 1171; baseline -0.001 -23"><span class='ocrx_word' id='word_1_48' title='bbox 477 1103 618 1148; x_wconf 85' lang='lat' dir='ltr'>esse</span> <span class='ocrx_word' id='word_1_49' title='bbox 664 1075 878 1146; x_wconf 88' lang='lat' dir='ltr'><strong>invidi</strong></span> <span class='ocrx_word' id='word_1_50' title='bbox 919 1075 1307 1169; x_wconf 80' lang='lat' dir='ltr'><strong>jactabant3</strong></span> <span class='ocrx_word' id='word_1_51' title='bbox 1348 1073 1626 1146; x_wconf 87' lang='lat' dir='ltr'><strong>Plautus</strong></span> <span class='ocrx_word' id='word_1_52' title='bbox 1668 1100 1914 1171; x_wconf 84' lang='lat' dir='ltr'><strong>magna</strong></span> <span class='ocrx_word' id='word_1_53' title='bbox 1962 1076 2403 1145; x_wconf 85' lang='lat' dir='ltr'><strong>contubernia</strong></span> <span class='ocrx_word' id='word_1_54' title='bbox 2451 1076 2625 1146; x_wconf 85' lang='lat' dir='ltr'><strong>cele-</strong></span> 
     </span>
     <span class='ocr_line' id='line_1_8' title="bbox 476 1188 2623 1285; baseline -0 -25"><span class='ocrx_word' id='word_1_55' title='bbox 476 1192 703 1261; x_wconf 86' lang='lat' dir='ltr'><strong>brasse</strong></span> <span class='ocrx_word' id='word_1_56' title='bbox 732 1214 1071 1283; x_wconf 84' lang='lat' dir='ltr'><strong>nusquam</strong></span> <span class='ocrx_word' id='word_1_57' title='bbox 1107 1188 1401 1277; x_wconf 82' lang='lat' dir='ltr'><strong>dicitur3</strong></span> <span class='ocrx_word' id='word_1_58' title='bbox 1430 1214 1651 1284; x_wconf 84' lang='lat' dir='ltr'>neque</span> <span class='ocrx_word' id='word_1_59' title='bbox 1684 1188 1768 1259; x_wconf 87' lang='lat' dir='ltr'><strong>de</strong></span> <span class='ocrx_word' id='word_1_60' title='bbox 1793 1190 2181 1285; x_wconf 80' lang='lat' dir='ltr'><strong>potentibus</strong></span> <span class='ocrx_word' id='word_1_61' title='bbox 2216 1212 2623 1285; x_wconf 77' lang='lat' dir='ltr'>quemquam</span> 
     </span>
     <span class='ocr_line' id='line_1_9' title="bbox 478 1302 2630 1399; baseline -0.001 -24"><span class='ocrx_word' id='word_1_62' title='bbox 478 1306 767 1375; x_wconf 88' lang='lat' dir='ltr'><strong>amicum</strong></span> <span class='ocrx_word' id='word_1_63' title='bbox 801 1303 1078 1390; x_wconf 88' lang='lat' dir='ltr'><strong>habuit,</strong></span> <span class='ocrx_word' id='word_1_64' title='bbox 1123 1317 1369 1397; x_wconf 85' lang='lat' dir='ltr'><strong>praeter</strong></span> <span class='ocrx_word' id='word_1_65' title='bbox 1408 1302 1776 1398; x_wconf 89' lang='lat' dir='ltr'><strong>populum,</strong></span> <span class='ocrx_word' id='word_1_66' title='bbox 1814 1304 1932 1396; x_wconf 90' lang='lat' dir='ltr'><strong>qui</strong></span> <span class='ocrx_word' id='word_1_67' title='bbox 1977 1320 2240 1399; x_wconf 75' lang='lat' dir='ltr'><strong>semper</strong></span> <span class='ocrx_word' id='word_1_68' title='bbox 2273 1305 2338 1373; x_wconf 87' lang='lat' dir='ltr'><strong>ei</strong></span> <span class='ocrx_word' id='word_1_69' title='bbox 2372 1305 2630 1375; x_wconf 79' lang='lat' dir='ltr'><strong>viventi</strong></span> 
     </span>
     <span class='ocr_line' id='line_1_10' title="bbox 478 1414 2628 1512; baseline 0 -23"><span class='ocrx_word' id='word_1_70' title='bbox 478 1418 647 1489; x_wconf 82' lang='lat' dir='ltr'><strong>favit</strong></span> <span class='ocrx_word' id='word_1_71' title='bbox 695 1432 765 1486; x_wconf 86' lang='lat' dir='ltr'><strong>et</strong></span> <span class='ocrx_word' id='word_1_72' title='bbox 814 1431 1159 1487; x_wconf 86' lang='lat' dir='ltr'><strong>mortuum</strong></span> <span class='ocrx_word' id='word_1_73' title='bbox 1211 1414 1461 1505; x_wconf 87' lang='lat' dir='ltr'><strong>coluit,</strong></span> <span class='ocrx_word' id='word_1_74' title='bbox 1512 1414 1754 1512; x_wconf 85' lang='lat' dir='ltr'><strong>plausu</strong></span> <span class='ocrx_word' id='word_1_75' title='bbox 1800 1417 2095 1511; x_wconf 80' lang='lat' dir='ltr'><strong>exceptis</strong></span> <span class='ocrx_word' id='word_1_76' title='bbox 2151 1416 2329 1487; x_wconf 87' lang='lat' dir='ltr'><strong>illius</strong></span> <span class='ocrx_word' id='word_1_77' title='bbox 2383 1417 2628 1489; x_wconf 83' lang='lat' dir='ltr'><strong>fabulis</strong></span> 
     </span>
     <span class='ocr_line' id='line_1_11' title="bbox 478 1526 2513 1627; baseline 0 -27"><span class='ocrx_word' id='word_1_78' title='bbox 478 1532 718 1627; x_wconf 90' lang='lat' dir='ltr'><strong>quinto</strong></span> <span class='ocrx_word' id='word_1_79' title='bbox 754 1529 977 1599; x_wconf 79' lang='lat' dir='ltr'>adhuc</span> <span class='ocrx_word' id='word_1_80' title='bbox 1008 1526 1251 1599; x_wconf 87' lang='lat' dir='ltr'>saeculo</span> <span class='ocrx_word' id='word_1_81' title='bbox 1281 1544 1638 1625; x_wconf 83' lang='lat' dir='ltr'><strong>postquam</strong></span> <span class='ocrx_word' id='word_1_82' title='bbox 1669 1529 1864 1599; x_wconf 82' lang='lat' dir='ltr'><strong>editae</strong></span> <span class='ocrx_word' id='word_1_83' title='bbox 1894 1532 2189 1626; x_wconf 82' lang='lat' dir='ltr'><strong>primum</strong></span> <span class='ocrx_word' id='word_1_84' title='bbox 2225 1530 2513 1601; x_wconf 83' lang='lat' dir='ltr'><strong>fuerant.</strong></span> 
     </span>
    </p>

    <p class='ocr_par' dir='ltr' id='par_1_5' title="bbox 481 1643 2632 2086">
     <span class='ocr_line' id='line_1_12' title="bbox 576 1643 2629 1743; baseline 0 -26"><span class='ocrx_word' id='word_1_85' title='bbox 576 1646 882 1717; x_wconf 85' lang='lat' dir='ltr'><strong>Decessit</strong></span> <span class='ocrx_word' id='word_1_86' title='bbox 930 1670 1111 1715; x_wconf 86' lang='lat' dir='ltr'><strong>anno</strong></span> <span class='ocrx_word' id='word_1_87' title='bbox 1161 1650 1251 1717; x_wconf 90' lang='lat' dir='ltr'><strong>U.</strong></span> <span class='ocrx_word' id='word_1_88' title='bbox 1288 1648 1369 1717; x_wconf 88' lang='lat' dir='ltr'><strong>C.</strong></span> <span class='ocrx_word' id='word_1_89' title='bbox 1417 1643 1597 1743; x_wconf 85' lang='lat'><strong>570,</strong></span> <span class='ocrx_word' id='word_1_90' title='bbox 1644 1645 1905 1716; x_wconf 83' lang='lat' dir='ltr'><strong>decimo</strong></span> <span class='ocrx_word' id='word_1_91' title='bbox 1945 1661 2170 1717; x_wconf 83' lang='lat' dir='ltr'><strong>autem</strong></span> <span class='ocrx_word' id='word_1_92' title='bbox 2210 1647 2410 1717; x_wconf 87' lang='lat' dir='ltr'><strong>tertio</strong></span> <span class='ocrx_word' id='word_1_93' title='bbox 2435 1661 2629 1717; x_wconf 82' lang='lat' dir='ltr'><strong>ante-</strong></span> 
     </span>
     <span class='ocr_line' id='line_1_13' title="bbox 481 1752 2632 1857; baseline 0 -27"><span class='ocrx_word' id='word_1_94' title='bbox 481 1785 686 1857; x_wconf 88' lang='lat' dir='ltr'>quam</span> <span class='ocrx_word' id='word_1_95' title='bbox 736 1752 999 1831; x_wconf 62' lang='lat' dir='ltr'>Ennius</span> <span class='ocrx_word' id='word_1_96' title='bbox 1052 1784 1091 1828; x_wconf 79' lang='lat' dir='ltr'><strong>e</strong></span> <span class='ocrx_word' id='word_1_97' title='bbox 1153 1758 1376 1830; x_wconf 85' lang='lat' dir='ltr'><strong>medio</strong></span> <span class='ocrx_word' id='word_1_98' title='bbox 1432 1759 1734 1829; x_wconf 85' lang='lat' dir='ltr'><strong>sublatus</strong></span> <span class='ocrx_word' id='word_1_99' title='bbox 1775 1774 1916 1849; x_wconf 79' lang='lat' dir='ltr'><strong>est,</strong></span> <span class='ocrx_word' id='word_1_100' title='bbox 1977 1776 2214 1831; x_wconf 82' lang='lat' dir='ltr'><strong>octavo</strong></span> <span class='ocrx_word' id='word_1_101' title='bbox 2272 1775 2632 1857; x_wconf 87' lang='lat' dir='ltr'>postquam</span> 
     </span>
     <span class='ocr_line' id='line_1_14' title="bbox 482 1875 2630 1973; baseline -0 -27"><span class='ocrx_word' id='word_1_102' title='bbox 482 1876 840 1947; x_wconf 85' lang='lat' dir='ltr'>Terentius</span> <span class='ocrx_word' id='word_1_103' title='bbox 874 1888 1076 1944; x_wconf 83' lang='lat' dir='ltr'><strong>natus</strong></span> <span class='ocrx_word' id='word_1_104' title='bbox 1101 1889 1277 1961; x_wconf 80' lang='lat' dir='ltr'><strong>erat,</strong></span> <span class='ocrx_word' id='word_1_105' title='bbox 1308 1889 1551 1946; x_wconf 86' lang='lat' dir='ltr'><strong>octavo</strong></span> <span class='ocrx_word' id='word_1_106' title='bbox 1579 1889 1646 1943; x_wconf 86' lang='lat' dir='ltr'><strong>et</strong></span> <span class='ocrx_word' id='word_1_107' title='bbox 1671 1876 1987 1946; x_wconf 87' lang='lat' dir='ltr'><strong>vicesimo</strong></span> <span class='ocrx_word' id='word_1_108' title='bbox 2025 1875 2414 1973; x_wconf 79' lang='lat' dir='ltr'>priusquam</span> <span class='ocrx_word' id='word_1_109' title='bbox 2448 1876 2630 1969; x_wconf 77' lang='lat' dir='ltr'><strong>idem</strong></span> 
     </span>
     <span class='ocr_line' id='line_1_15' title="bbox 481 1987 1908 2086; baseline 0.001 -27"><span class='ocrx_word' id='word_1_110' title='bbox 481 1992 770 2085; x_wconf 85' lang='lat' dir='ltr'><strong>primam</strong></span> <span class='ocrx_word' id='word_1_111' title='bbox 807 1987 1105 2059; x_wconf 82' lang='lat' dir='ltr'><strong>fabulam</strong></span> <span class='ocrx_word' id='word_1_112' title='bbox 1140 1988 1441 2077; x_wconf 68' lang='lat' dir='ltr'><strong>aedilibus</strong></span> <span class='ocrx_word' id='word_1_113' title='bbox 1485 1988 1908 2086; x_wconf 81' lang='lat' dir='ltr'><strong>approbavit.</strong></span> 
     </span>
    </p>
   </div>
   <div class='ocr_carea' id='block_1_5' title="bbox 564 2167 1201 2247">
    <p class='ocr_par' dir='ltr' id='par_1_6' title="bbox 564 2167 1201 2247">
     <span class='ocr_line' id='line_1_16' title="bbox 564 2167 1201 2247; baseline 0.005 -21"><span class='ocrx_word' id='word_1_114' title='bbox 564 2167 649 2247; x_wconf 84' lang='lat'><strong>(1)</strong></span> <span class='ocrx_word' id='word_1_115' title='bbox 682 2172 894 2229; x_wconf 81' lang='lat' dir='ltr'><strong>Heaut.</strong></span> <span class='ocrx_word' id='word_1_116' title='bbox 917 2170 1074 2229; x_wconf 74' lang='lat' dir='ltr'><strong>Ptol.</strong></span> <span class='ocrx_word' id='word_1_117' title='bbox 1101 2180 1201 2242; x_wconf 74' lang='lat'><strong>²4·</strong></span> 
     </span>
    </p>
   </div>
  </div>
 </body>
</html>
