3067 5017
620 433 762 504 280
1454 437 1932 520 RUDENs‚

615 557 1022 644 Credebam,
1049 555 1321 652 edepol,
1342 558 1803 630 turbulentam
1823 560 2115 655 praedam
2147 578 2536 634 eventuram
2565 563 2771 652 mihi,

611 670 794 760 Quia
823 669 938 740 illa
963 670 1130 739 mihi
1160 684 1294 738 tam
1327 670 1717 745 turbulenta
1756 686 2147 766 tempestate
2175 690 2508 763 evenerat.

613 779 838 850 Credo
861 834 881 868 ,
911 779 1185 874 edepol,
1224 806 1350 877 ego
1380 782 1559 852 illeic
1599 784 1809 852 inesse
1846 784 1995 852 auri
2033 799 2100 852 et
2136 787 2401 880 argenti
2429 786 2730 881 largiter.

611 890 798 979 Quid
827 889 1143 977 meliu’st,
1180 917 1384 986 quam
1422 908 1494 962 ut
1528 894 1689 963 hinc
1725 895 1908 964 intro
1940 895 2217 982 abeam,
2254 911 2322 973 et
2350 921 2459 966 me
2492 923 2769 994 suspen,

906 1001 1060 1069 dam
1098 999 1533 1072 clanculum?
2690 1029 2770 1076 τις

610 1107 858 1187 Saltem
893 1111 1238 1203 tantisper,
1280 1111 1443 1182 dum
1477 1113 1794 1184 abscedat
1820 1113 1963 1186 haec
1992 1139 2032 1182 a
2070 1139 2178 1186 me
2204 1115 2618 1210 aegrimonia.
2708 1111 2721 1124 x

1133 1354 1586 1444 SCENA
1670 1355 2235 1470 QUINTA.

1433 1591 1926 1662 DAEMONES.

603 1793 739 1878 Pro
776 1791 846 1868 di
885 1787 1336 1875 inmortaleiS,
1383 1790 1534 1883 quis
1577 1813 1685 1862 me
1719 1769 1818 1860 est
1858 1789 2295 1879 fortunatior,

606 1902 746 1988 Qui
781 1926 864 1973 ex
903 1901 1250 1995 inproviso
1293 1899 1498 1972 filiam
1542 1901 1771 1970 inveni
1810 1900 2073 1974 meam?

606 2010 816 2084 Satin’
845 2011 899 2079 si
931 2011 1093 2105 quoi
1125 2011 1386 2079 homini
1423 2009 1528 2078 dei
1571 2035 1709 2079 esse
1742 2010 2166 2083 benefactum
2196 2011 2465 2099 volunt,

605 2119 858 2216 Aliquo
897 2121 1066 2198 illud
1113 2136 1307 2216 pacto
1352 2121 1645 2215 obtingit
1690 2137 1996 2215 optatum
2042 2123 2215 2217 piis?

604 2235 749 2326 Ego
791 2231 1028 2319 hodie,
1065 2233 1182 2324 qui
1220 2256 1440 2326 neque
1472 2233 1769 2324 speravi,
1809 2257 2025 2327 neque
2067 2234 2357 2322 credidi,
2742 2258 2765 2296 ⁵

610 2347 676 2412 Is
714 2343 1054 2436 inproviso
1089 2340 1298 2414 filiam
1339 2342 1565 2412 inveni
1606 2356 1877 2412 tament
2625 2333 2633 2344 ’

608 2455 699 2520 Et
735 2476 880 2520 eam
920 2450 1002 2519 de
1042 2475 1286 2545 genere
1319 2475 1581 2519 summo
1619 2450 2028 2524 adulescenti
2068 2451 2245 2526 daho

607 2566 954 2657 IngenuO,
980 2561 1408 2650 Atheniensi,
1447 2576 1513 2630 et
1551 2576 1889 2656 congnato
1931 2585 2102 2632 meo·

609 2676 755 2767 Ego
787 2698 940 2741 eum
975 2671 1144 2740 adeo
1185 2672 1426 2740 arcessi
1457 2671 1592 2740 huc
1632 2672 1715 2739 ad
1754 2697 1861 2742 me
1898 2698 2100 2767 quam
2142 2671 2433 2765 primum
2466 2672 2620 2744 volo
2642 2729 2663 2760 ,

609 2785 918 2884 Jussique
955 2782 1135 2852 exire
1172 2781 1306 2850 huc
1343 2782 1486 2874 ejus
1529 2808 1827 2867 servom,
1866 2798 1941 2852 ut
1985 2783 2070 2855 ad
2105 2782 2327 2852 forum

606 2897 743 2968 Iret
778 2919 793 2960 ε
832 2891 1135 2959 nondum
1168 2916 1504 2985 egressum
1543 2917 1683 2961 esse
1724 2918 1915 2978 eum,
1954 2892 2026 2962 id
2060 2894 2272 2965 miror
2309 2908 2559 2972 tamen.

602 3002 944 3073 Adcedam
979 3002 1224 3095 opinor
1265 3001 1351 3072 ad
1384 3001 1583 3074 foreis
1615 3028 1631 3071 z
1671 3004 1833 3097 quid
1875 3006 2273 3100 conspicor?

603 3115 794 3183 Uxor
826 3111 1148 3206 conplexa
1184 3110 1360 3180 collo
1395 3113 1643 3182 retinet
1678 3113 1925 3184 filiam:

603 3222 824 3298 Nimis
861 3245 1052 3315 paene
1089 3219 1313 3315 inepta
1350 3235 1551 3315 atque
1586 3223 1817 3292 odiosa
1847 3225 1989 3317 ejus
2026 3222 2385 3294 amatio'st.

697 3429 718 3462 1
734 3416 827 3473 4²·
853 3407 1139 3474 Credebam,
1159 3408 1639 3479 prasentiscebam.
1727 3422 1808 3463 est
1822 3449 1837 3477 ,
1872 3429 2055 3465 nonne
2082 3411 2344 3484 apparet?
2366 3411 2567 3482 Amph.
2590 3413 2664 3476 Π,
2694 3431 2721 3464 2
2742 3451 2759 3477 ,

609 3487 739 3542 vid.
767 3507 838 3541 sc.
862 3507 972 3560 seq.
993 3507 1044 3543 v.
1075 3487 1126 3542 5.
1151 3519 1232 3531 —-
1263 3487 1637 3546 Turbulentam‚
1736 3507 1760 3540 1
1794 3511 1807 3540 z
1870 3517 1892 3539 e
1918 3491 2081 3544 Satln’
2109 3509 2273 3562 parva
2299 3509 2384 3544 res
2412 3503 2491 3544 est
2514 3492 2760 3563 volupta-

611 3567 756 3624 haud
777 3567 988 3621 facilem
1005 3606 1021 3633 ,
1044 3585 1221 3638 neque
1248 3569 1386 3621 bene
1412 3582 1637 3640 partam.
1726 3582 1841 3621 tum·
1870 3571 1926 3623 in
1952 3570 2094 3623 vita?
2116 3597 2139 3619 ι
2168 3572 2460 3626 Mostellar.
2482 3573 2531 3635 1,
2566 3591 2615 3636 1,
2645 3572 2717 3641 73
2738 3583 2757 3631 3

609 3649 952 3706 Contrarium
983 3661 1062 3700 est
1089 3647 1317 3720 qum‘dus.
1725 3648 1926 3702 cisten.
1956 3653 2014 3716 1,
2046 3651 2103 3715 3,
2130 3669 2187 3715 ²3
2219 3652 2425 3704 Poenul.
2451 3653 2556 3716 IV,
2580 3651 2635 3717 3,
2657 3669 2755 3721 97.

695 3733 817 3792 146.
851 3727 1052 3780 Saltem.
1083 3727 1287 3780 Saltant
1324 3727 1417 3798 qui
1446 3727 1633 3780 laetan-
1724 3723 1939 3782 Giton*

606 3823 723 3874 tut-3
755 3808 1091 3861 saltationem
1133 3825 1352 3878 quoque
1383 3823 1635 3861 exercere
1805 3808 1857 3862 5.
1894 3809 2111 3863 Credidi.
2135 3809 2268 3864 Vid.
2298 3829 2371 3864 sc.
2404 3829 2489 3881 pr.
2512 3829 2587 3862 vs.
2618 3815 2754 3871 14²·

605 3888 894 3952 videntnr,
931 3887 1025 3959 qui
1066 3885 1319 3957 pendent.
1349 3917 1428 3930 -—-
1461 3887 1628 3952 Dum,
1808 3896 1901 3953 14.
1937 3889 2128 3943 Odiosa
2162 3893 2265 3961 ejus
2294 3893 2479 3942 amatio
2509 3891 2585 3944 'sn
2634 3890 2755 3941 Ma-

604 3968 711 4023 hoe
739 3970 861 4021 loco
880 4007 895 4033 ,
927 3967 1068 4022 idem
1093 3968 1232 4019 valet
1260 3964 1408 4036 quod
1432 3979 1500 4020 ut.
1720 3967 1813 4020 lim
1840 3973 1996 4022 otiosa
2016 3987 2033 4017 .·
2062 3969 2265 4041 quippe
2294 3969 2400 4040 -qui
2442 3982 2625 4040 postea
2654 3969 2756 4021 ob-

686 4051 738 4103 3.
763 4048 950 4102 Satin'.
972 4048 1088 4099 Hac
1111 4045 1373 4116 particula
1391 4065 1631 4118 persaepe
1716 4049 1894 4120 jurget
1939 4067 2161 4104 uxorem
2183 4087 2200 4114 ,
2243 4049 2393 4122 quod
2436 4050 2608 4102 otiose
2643 4066 2756 4100 am-

601 4129 774 4183 utitur
802 4129 1049 4194 Plautus,
1076 4145 1199 4198 pro,
1227 4141 1414 4180 nonne
1437 4145 1626 4183 verum
1716 4120 1991 4198 plexando
2072 4130 2255 4184 filiam·
2318 4142 2529 4199 tempus
2596 4139 2751 4209 terat.
