3067 5017
566 405 706 490 284

1411 405 1883 490 RUDENS,

566 530 698 602 Sed
738 553 943 623 quom
983 527 1138 596 inde
1171 551 1360 596 suam
1395 529 1683 622 quisque
1716 529 1907 597 ibant
1942 523 2189 595 diversi
2216 523 2523 615 domum,

558 640 808 712 Nullus
858 653 1000 708 erat
1044 637 1163 708 illo
1204 653 1441 733 pecte,
1479 654 1557 708 ut
1600 638 1699 708 illi
1744 639 2102 732 jusserant.

563 775 754 821 DAEM.
794 751 922 820 Abi
953 751 1166 835 intre,
1205 775 1290 818 ne
1329 748 1690 837 molestu53
1744 748 1995 842 lingum
2032 761 2352 840 tempera.

564 865 711 956 Ego
751 860 1028 929 daturus
1061 859 1185 928 tibi
1219 857 1390 928 nihil
1435 885 1617 945 sum,
1644 883 1731 928 ne
1766 872 1841 927 tu
1870 857 2119 926 frustra
2144 855 2253 925 sis.

568 994 761 1041 GRIP·
793 975 879 1039 At
912 995 1047 1092 ego·
1065 970 1226 1038 deos
1255 993 1513 1063 quaese,
1542 985 1622 1046 ut
1654 952 2034 1063 quidq'uid
2019 990 2089 1033 in
2124 964 2239 1034 illo
2264 965 2526 1036 vidulo’
2528 983 2621 1056 st,
2672 987 2730 1026 3ο

568 1081 639 1148 Si
678 1105 960 1165 aurum,
999 1079 1052 1146 si
1089 1095 1442 1174 argentum
1456 1079 1561 1167 ’,εἰ
1596 1103 1799 1148 omne
1826 1078 1897 1146 id
1928 1091 2007 1146 ut
2038 1077 2155 1146 fiat
2184 1077 2377 1148 cinis,
2404 1092 2545 1150 (dut)

564 1215 757 1261 DAEM.
806 1187 979 1257 Illuc
1018 1203 1153 1273 est,
1194 1188 1376 1282 quod
1413 1215 1534 1258 nos
1572 1215 1865 1284 nequam
1898 1190 2105 1257 servis
2148 1188 2427 1258 utimur.

563 1302 734 1368 Nam
771 1297 910 1367 illic
947 1324 1103 1368 cum
1133 1323 1322 1368 servo
1355 1301 1408 1368 si
1451 1326 1588 1394 quo
1630 1325 2033 1395 congressus
2074 1298 2283 1386 foret,

563 1412 652 1477 Et
683 1411 905 1502 ipsum
939 1434 1081 1478 sese
1123 1425 1190 1477 et
1225 1407 1416 1478 illum
1459 1410 1625 1480 furti
1658 1411 2139 1504 adstringeret,

561 1521 748 1588 Dum
784 1518 1075 1614 praedam
1109 1519 1356 1588 habere
1383 1546 1454 1589 se
1484 1537 1825 1606 censeret,
1860 1519 2131 1588 interim
2674 1537 2729 1576 ³⁵

560 1629 788 1698 Praeda
819 1631 1002 1723 ipsus
1035 1645 1244 1716 esset3
1293 1631 1516 1725 praeda
1554 1632 1850 1726 praedam
1888 1631 2182 1699 duceret.

561 1742 766 1811 Nunc
798 1741 956 1809 hinc
999 1736 1296 1809 intr'oibo
1320 1795 1339 1827 ,
1367 1756 1431 1809 et
1465 1743 1921 1828 sacruficab03
1958 1741 2210 1836 postibi

561 1850 825 1919 Jubebo
864 1850 1058 1920 nobis
1093 1873 1354 1920 coenam
1392 1853 1725 1922 continuo
1766 1852 1992 1946 coqui.

1084 2059 1535 2150 SCENA
1626 2059 2205 2150 OCTAVA.

987 2245 1674 2334 PLEUSIDIPPUS‚
1730 2245 2285 2315 TRACHALIO.

569 2415 806 2464 PLEUS.
853 2396 1110 2463 Iterum
1165 2394 1336 2462 mihi
1386 2394 1565 2464 istaec
1622 2396 1847 2464 omnia
1910 2395 2115 2482 itera,
2170 2394 2266 2465 mi
2306 2393 2571 2482 anime,
2627 2397 2719 2469 mi

857 2501 1214 2570 Trachalio
1232 2554 1250 2588 ,

565 2614 667 2682 Mi
699 2610 967 2700 liberte,
1011 2613 1104 2680 mi
1142 2625 1461 2705 patrone,
1502 2613 1640 2682 imo
1684 2613 1907 2708 potius
1931 2667 1949 2700 ‚
1990 2613 2084 2681 mi
2124 2628 2367 2706 pater„

563 2799 812 2855 eumdem
839 2799 1102 2871 populum
1119 2839 1134 2864 ,
1163 2813 1226 2851 ut
1251 2797 1475 2853 domum
1503 2800 1597 2852 ab·

564 2882 658 2946 iit,
709 2879 958 2933 obtinet-e
997 2897 1174 2932 mores
1215 2897 1369 2945 suos,
1418 2897 1595 2951 neque

557 2959 772 3014 facere
759 2979 814 3012 ιιι
837 2959 1048 3030 privato
1069 2958 1247 3012 illud
1232 2977 1430 3029 ipsum,
1447 2959 1608 3030 quod

565 3058 695 3094 voce
716 3057 985 3110 manuque
1010 3039 1226 3122 publiea
1253 3039 1393 3110 prob
1395 3052 1594 3093 biverat

563 3122 792 3174 ΤΑιιΒιιι.

645 3199 676 3253 3
689 3218 737 3252 ι.
769 3197 831 3251 Si
858 3217 1058 3262 aarum,
1091 3201 1137 3248 si
1159 3199 1595 3266 argentum.Pa1-·

483 3319 490 3326 ·
565 3280 731 3334 ticula
773 3283 820 3330 si
865 3278 1050 3331 iterata
1094 3278 1384 3330 utebantur
1431 3280 1597 3332 inter·

564 3357 698 3412 dum
724 3377 826 3430 pro
851 3361 964 3410 sive.
989 3357 1107 3410 Liv.
1125 3359 1251 3422 VH,
1285 3359 1355 3410 26
1376 3378 1389 3409 ς
1424 3383 1448 3406 «ι
1465 3358 1595 3412 Pre-

561 3453 712 3494 catus
731 3436 928 3490 deinde
941 3475 958 3499 ,

560 3533 640 3572 set
660 3544 711 3572 ι.
735 3517 878 3570 Gen.
915 3519 999 3582 ΙΙ,
1046 3519 1116 3570 28
1145 3533 1160 3568 5
1193 3518 1334 3568 «Eas
1359 3518 1515 3571 ferias
1548 3518 1593 3570 si

561 3601 676 3670 quis
735 3597 1045 3669 polluisset,
1115 3595 1442 3668 piaculoque
1515 3598 1591 3650 ob

560 3681 699 3732 hanc
727 3695 839 3730 rem
867 3695 1004 3748 opus
1038 3688 1202 3739 esset,
1243 3677 1512 3742 hostiam,
1547 3677 1593 3730 si

561 3757 696 3824 deo,
727 3759 770 3809 si
797 3755 939 3824 deae,
963 3755 1361 3812 immolabant
1374 3758 1588 3854 ‚Capt.

561 3839 688 3904 1„2
717 3837 777 3903 55
807 3837 1030 3900 Curo.,I
1062 3855 1111 3900 1,
1143 3841 1194 3898 4.
1217 3827 1430 3890 Giton)¹

557 3939 562 3942 ·
647 3919 745 3972 32.
791 3918 918 3969 Illuc
969 3928 1056 3968 est.
1112 3916 1211 3968 lua
1261 3933 1417 3969 causa
1473 3929 1590 3982 est,

563 3998 913 4070 quamobrem
955 4013 1138 4049 servos
1180 3995 1460 4068 improbos
1491 3995 1589 4050 ha-

557 4080 747 4132 hemus
771 4095 786 4130 :
811 4094 1028 4147 nempe,
1063 4073 1209 4146 quod
1241 4076 1589 4130 connivemus

561 4176 750 4212 eorum
773 4157 1020 4227 peccatis.
1046 4157 1225 4209 Lm.
1251 4187 1329 4200 --
1352 4157 1488 4210 Mihi
1503 4157 1587 4211 vi-

989 3437 1034 3490 si
1067 3436 1258 3498 divus,
1289 3437 1330 3489 si
1361 3435 1486 3490 diva
1513 3455 1625 3490 ess

1685 2799 1843 2854 detur
1874 2799 2020 2854 aliud
2050 2800 2249 2856 sentire
2284 2800 2461 2855 oratio
2486 2818 2501 2854 ε
2530 2820 2599 2856 en
2628 2803 2721 2856 isti
2762 2821 2773 2836 ⁸

1686 2901 1821 2952 quos
1844 2881 2103 2933 habemus
2128 2899 2358 2952 nequam
2382 2883 2519 2945 servi
2536 2899 2552 2947 5
2572 2902 2637 2936 en
2657 2896 2721 2936 ut

1684 2980 1865 3014 servos
1898 2979 2127 3031 nequam
2167 2961 2445 3014 habemus.
2484 2962 2602 3015 Cas.
2630 2965 2719 3029 11,

1688 3043 1757 3108 8,
1792 3043 1891 3102 26;
1920 3041 2031 3106 ΙΙΙ,
2075 3059 2127 3103 2,
2164 3057 2213 3092 1.
2244 3041 2315 3093 N.

1768 3119 1859 3172 33.
1916 3121 2055 3182 Illic,
2116 3119 2224 3173 ille.
2265 3119 2491 3173 Daceria
2538 3135 2719 3176 censet

1684 3201 2001 3253 Daemonem
2058 3197 2128 3252 de
2180 3219 2236 3253 se
2312 3201 2369 3252 in
2425 3201 2581 3254 tertia
2640 3203 2721 3255 lo-

1684 3279 1805 3350 qui,
1844 3279 1983 3332 sicut
2016 3297 2177 3332 versu
2216 3296 2307 3347 ¹9·
2346 3277 2453 3332 Sed
2484 3294 2597 3332 tum
2638 3281 2717 3332 hic

1684 3358 1914 3422 diceret,
1944 3375 2219 3430 nunquam
2248 3359 2372 3414 illie.
2408 3359 2611 3430 Gripus
2637 3374 2718 3416 ent

1682 3439 1797 3492 illic
1830 3439 1925 3508 qui
1958 3439 2111 3492 abiit.

1766 3519 1862 3572 36.
1922 3519 2124 3570 Interim
2168 3518 2351 3570 Proeda
2395 3520 2525 3586 ipsus
2568 3531 2713 3574 esset.

1681 3599 1795 3664 Qui
1832 3617 1957 3651 cum
1994 3598 2260 3652 Lambino
2306 3597 2599 3668 opinantur
2643 3598 2714 3652 de

1680 3677 1901 3731 domino
1936 3678 2241 3732 orationem
2280 3697 2419 3741 esse,
2456 3696 2570 3733 non
2598 3697 2715 3733 me-

1678 3758 1985 3823 minerunt,
2012 3759 2055 3810 si
2097 3759 2220 3830 quis
2266 3759 2529 3830 ingenuus
2578 3757 2713 3812 furti

1678 3837 2041 3903 damnaretur,
2085 3838 2348 3908 pecunia,
2388 3856 2501 3891 non
2548 3838 2715 3892 liher-

1678 3930 1787 3971 tate
1853 3918 2137 3971 multatum
2202 3919 2381 3973 fuisse.
2447 3920 2573 3988 Ipse.
2630 3931 2714 3974 ent

1676 3997 1949 4069 praedator
1970 4015 2173 4052 servus.

1764 4097 1813 4132 ι.
1843 4081 2025 4131 Iterum
2112 4081 2235 4130 itera
2250 4116 2266 4143 ,
2282 4077 2480 4132 iterum
2502 4097 2679 4132 narra.

1762 4178 1813 4211 τι.
1843 4159 1923 4211 Ma·
1952 4159 2137 4212 liberfe.
2160 4158 2248 4212 Cf.
2264 4159 2421 4230 Capt.
2438 4158 2515 4222 II,
2541 4176 2591 4223 1,
2618 4165 2711 4222 40.
