3067 5017
649 435 791 509 580
1404 433 2026 522 QUEROLUS,

642 558 990 652 Quidnam
1021 570 1121 625 est
1158 555 1327 642 hoc,
1365 554 1549 649 quod
1582 554 1758 624 fores
1793 555 2051 625 clausas
2088 555 2326 627 video?
2361 557 2562 627 credo
2606 558 2790 628 divi-

642 677 798 738 nam
834 691 973 736 rem
1006 679 1270 761 gerunt.
1304 668 1524 734 Evoca
1550 663 1732 734 illinc
1764 664 2073 761 aliquem.
2109 676 2325 737 ΡΑΝΤ.
2354 670 2526 736 Hem
2563 670 2787 739 Theo·

638 777 807 862 cles,
829 777 987 845 hem
1014 779 1175 844 Zeta
1210 801 1225 843 z
1255 774 1496 868 aliquis
1529 776 1666 843 huc
1702 775 1877 845 adsit
1911 778 2046 845 cito
2083 802 2099 846 ε
2134 775 2456 870 quidnam
2483 804 2624 847 esse
2651 781 2792 850 hoc

636 888 899 959 dicam?
947 886 1305 956 Silentium
1355 899 1456 953 est
1508 883 1795 978 ingenst
1837 910 2040 953 nemo
2089 901 2204 954 cst.
2249 910 2408 956 ann.
2461 888 2786 960 Solebant

635 1024 775 1069 non
819 999 913 1066 ita
950 994 1379 1065 somniculari
1408 994 1735 1086 janitores
1775 995 1898 1063 ista
1920 996 1991 1063 in
2021 994 2244 1063 domo.
2275 1020 2488 1065 ΡΔΝΤ.
2521 998 2784 1086 Credo,

634 1108 895 1194 hercle,
924 1106 1267 1201 religionis
1302 1129 1501 1173 causa
1541 1104 1626 1173 ab
1659 1103 2067 1198 importunis
2103 1106 2326 1175 cautio
2365 1119 2488 1177 est.
2525 1112 2786 1177 Eamus

633 1221 767 1291 huc
819 1218 907 1287 ad
946 1214 1507 1311 pseudothyrum,
1558 1214 1739 1309 quod
1784 1216 1958 1283 nosti
2001 1215 2193 1285 bene.
2260 1240 2418 1288 ane.
2483 1218 2673 1307 Quid
2719 1219 2778 1289 si

628 1330 766 1401 illic
816 1328 1118 1399 clausum
1168 1325 1317 1394 est?
1356 1348 1567 1395 ΡΑΝΤ.
1618 1328 1720 1397 Ne
1765 1351 2065 1413 vereare,
2122 1352 2232 1396 me
2271 1326 2463 1397 duce.
2521 1332 2781 1401 Noster

633 1438 746 1511 ille
790 1455 890 1510 est
932 1438 1200 1508 aditus:
1240 1433 1504 1522 claudi,
1546 1461 1686 1505 non
1725 1435 2082 1506 intercludi
2123 1450 2365 1532 potest.

1094 1672 1520 1761 SCENA
1597 1671 2289 1763 SECUNDA.

630 1902 1367 2011 MANnRoGERUs‚
1380 1901 1616 1968 SYco
1627 1901 2013 1990 PHANTA,
2028 1902 2774 1991 SARDANAPALUS.

723 2132 1007 2185 Manna.
1079 2114 1142 2179 Ο
1185 2132 1291 2179 me
1335 2108 1693 2182 miserum!
1735 2135 1882 2183 SYc.
1921 2114 1984 2186 ,Ο
2021 2139 2127 2182 me
2163 2111 2526 2185 infelicem!
2563 2138 2772 2185 snm.

626 2230 692 2299 Ο
725 2249 833 2295 me
866 2221 1127 2291 nudum
1171 2237 1237 2288 et
1286 2218 1730 2314 naufragum!
1780 2244 1923 2292 sYc.
1986 2227 2049 2292 Ο
2093 2224 2409 2317 magister
2459 2223 2776 2293 Mandro·-

630 2330 861 2431 gerusl
892 2356 1098 2402 sum.
1124 2334 1187 2398 Ο
1226 2330 1652 2424 Sycophanta
1693 2329 1954 2401 noster!
1993 2356 2280 2402 MANDR.
2310 2336 2374 2401 Ο
2403 2350 2595 2428 pater
2633 2336 2780 2403 Sar·

628 2438 991 2538 danapale!
1030 2462 1236 2509 suu).
1267 2442 1528 2509 Sumite
1568 2442 1934 2531 tristitiam,
1963 2442 2185 2512 miseri
2217 2442 2512 2529 sodaleS‚
2552 2445 2779 2514 cucul-

624 2555 844 2625 lorum
874 2552 1170 2646 tegmina
1209 2577 1225 2619 ε
1272 2550 1422 2645 plus
1460 2567 1560 2621 est
1588 2551 1728 2633 ,hoc
1755 2579 1957 2647 quam
1989 2554 2330 2623 hominem
2364 2555 2774 2649 perdidisse:

625 2662 947 2735 damnum
980 2686 1133 2729 vere
1160 2660 1522 2756 plangitur.
1567 2662 1751 2751 Quid
1785 2662 1982 2758 agitis
2011 2689 2191 2732 nunc
2224 2664 2576 2759 potentes?
2612 2661 2778 2759 quid

627 2776 712 2845 de
757 2772 1088 2844 thesauris
1134 2770 1444 2867 cogitatis
1473 2772 1501 2825 ἶ)
1547 2779 1803 2841 Aurum
1859 2774 1925 2841 in
1975 2774 2263 2842 cinerem
2319 2799 2586 2844 versum
2632 2793 2773 2845 est:

632 2880 1027 2976 utinamque
1051 2894 1269 2949 totum
1300 2880 1394 2948 sic
1424 2880 1614 2949 fieret
1631 2904 1914 2953 aurum:
1953 2887 2166 2978 magis
2199 2908 2489 2954 essemus
2519 2886 2775 2955 divites.

629 3014 918 3069 MANDR.
972 2998 1256 3087 Depone
1293 3016 1553 3086 pauper
1594 2992 1794 3062 inane
1839 2994 2143 3087 ponduS‚
2189 2994 2498 3065 lacrimas
2539 2996 2776 3067 demus

627 3105 871 3181 funeri.
910 3110 973 3177 O
1010 3101 1211 3173 fallax
1249 3096 1604 3171 thesaure!
1643 3126 1742 3171 nae
1775 3116 1841 3173 te
1878 3128 2004 3197 ego
2043 3128 2162 3197 per
2192 3104 2398 3173 maria
2436 3120 2502 3173 et
2543 3121 2776 3174 ventos

624 3240 873 3310 sequor
921 3236 937 3285 ε
991 3226 1268 3309 propter
1316 3224 1383 3279 te
1446 3208 1731 3281 feliciter
1777 3211 2087 3308 navigavi
2121 3228 2142 3282 ‘z
2197 3230 2476 3308 propter
2525 3228 2610 3327 te.
2648 3214 2774 3283 feci

630 3326 888 3396 omnia:
920 3322 1249 3393 mathesin
1279 3335 1343 3390 et
1373 3324 1874 3417 magicamsum
1911 3340 2398 3419 consequutuS‚
2429 3338 2504 3393 ut
2535 3350 2648 3393 me
2680 3349 2777 3393 se-

627 3433 801 3533 pulti
828 3430 1175 3503 fallerent?
1195 3428 1479 3499 aliorum
1510 3432 1853 3501 fortunam
1870 3433 2190 3527 exposui3
2219 3432 2428 3503 fatum
2468 3433 2773 3530 ignoravi

618 3536 867 3617 meum.
891 3540 1173 3634 Jamjam
1195 3540 1421 3609 omnia
1447 3565 1858 3637 recognosco
1875 3594 1893 3625 ‚
1912 3542 2096 3611 varia
2120 3542 2258 3612 haec
2278 3544 2768 3637 phantasmata.

619 3660 784 3728 Erat
824 3653 930 3722 hic
968 3650 1167 3747 plane
1203 3651 1380 3718 bona
1420 3649 1734 3739 fortuna,
1782 3650 1894 3721 sed
1943 3650 2134 3721 alteri
2184 3648 2587 3738 debebatur,
2629 3680 2770 3725 non

621 3766 790 3837 mihi
822 3789 839 3835 ε
878 3775 1109 3830 nostra
1138 3756 1693 3845 mutaverefata:
1730 3762 2119 3832 thesaurum
2163 3790 2286 3832 nos
2324 3764 2436 3833 sed
2475 3763 2772 3835 alienum

623 3876 1020 3946 invenimus.
1061 3872 1393 3961 Quaenam
1430 3870 1572 3938 haec
1602 3870 2052 3965 perversitas?
2082 3896 2428 3968 nunquam
2454 3898 2582 3969 ego
2613 3874 2767 3944 flevi

622 4010 877 4069 meum,
918 4006 1102 4051 nunc
1128 3978 1376 4079 plango
1416 3978 1744 4068 alienum3
1784 3996 1853 4050 et
1889 3996 1990 4069 te,
2025 3980 2350 4072 Querole‚
2375 3983 2602 4076 justus
2633 4009 2768 4052 non

617 4097 835 4191 tangit
863 4090 1094 4160 dolor?
1125 4114 1330 4161 snm.
1374 4092 1437 4159 Ο
1466 4088 1739 4160 crudele
1762 4088 2034 4162 aurum!
2062 4093 2371 4185 quisnam
2402 4107 2466 4161 te
2491 4095 2767 4162 morbus

610 4205 813 4281 t‘uliti‘
847 4201 998 4298 quis
1021 4216 1089 4269 te
1120 4200 1213 4269 sic
1246 4224 1451 4295 rogus
1486 4200 1788 4271 adussit?
1818 4200 1970 4294 quis
2007 4216 2072 4270 te
2105 4201 2446 4297 subripuit
2482 4202 2768 4299 magus?
