3067 5017
583 376 668 449 16

1351 378 1939 467 POENULUS,

568 506 653 571 Se
687 524 911 570 amare
941 496 1115 567 velle
1140 552 1160 583 ‚
1198 513 1401 593 atque
1439 490 1718 596 obsequi
1756 503 1981 572 animo
2018 526 2159 573 suo.

566 614 826 680 Locum
870 609 998 679 sibi
1039 607 1208 677 velle
1245 606 1534 679 liberum
1574 611 1967 705 praebet-ier,

564 722 700 790 Ubi
733 744 1024 814 nequam
1064 717 1264 787 faciat
1297 717 1468 789 clam
1488 774 1509 808 ‚
1553 746 1637 789 ne
1673 723 1825 815 quis
1866 724 1953 791 sit
1984 722 2255 793 arbiter.
2662 750 2715 787 ε».

549 834 739 901 Leno
771 831 858 900 ad
895 856 966 901 se
1000 829 1292 923 adcipiet
1333 832 1477 899 auri
1514 831 1800 926 cupidus
1832 831 2036 902 inlico
2070 860 2087 901 :

562 939 828 1012 Celabit
864 939 1208 1009 hominem
1249 954 1315 1007 et
1361 963 1626 1010 aurum.
1666 964 1890 1012 Aeon.
1936 942 2312 1012 Consilium
2348 944 2589 1040 placet.

562 1074 819 1123 mmm.
853 1054 1158 1145 Rogato‚
1203 1072 1426 1119 servos
1462 1051 1815 1119 veneritne
1852 1051 1939 1120 ad
1974 1077 2129 1122 eum
2167 1067 2354 1129 tuus.

562 1160 682 1229 llle
725 1186 834 1229 me
869 1159 1164 1230 censebit
1199 1162 1407 1254 quaeri
1438 1186 1453 1229 τ
1493 1161 1823 1229 continuo
1862 1162 1987 1231 tibi

562 1272 854 1366 Negabit
885 1297 900 1340 ε
932 1270 1093 1365 quid
1126 1284 1204 1339 tu
1239 1269 1510 1339 dubitas
1534 1326 1556 1358 ‚
1590 1274 1756 1365 quin
1796 1274 2179 1368 extempulo
2665 1299 2715 1338 ⁵⁵

563 1381 778 1477 Dupli
819 1382 943 1451 tibi
982 1382 1131 1451 auri
1173 1395 1240 1449 et
1275 1380 1575 1451 hominis
1612 1380 1725 1451 fur
1765 1382 1916 1453 leno
1954 1384 2135 1455 siet?

567 1495 806 1586 Neque
845 1489 916 1561 id
947 1491 1128 1561 unde
1165 1488 1469 1577 ecficiat‚
1508 1491 1710 1560 habet
1740 1518 1757 1561 :
1803 1493 1918 1561 ubi
1953 1493 2023 1561 in
2054 1494 2167 1587 jus
2204 1495 2503 1583 venerit,

571 1602 850 1672 Addicet
886 1616 1132 1696 praetor
1169 1599 1492 1679 familiam
1534 1615 1746 1669 totam
1787 1602 1911 1671 tibi
1946 1627 1962 1669 :

568 1718 672 1783 Ita
717 1714 1126 1807 decipiemus
1166 1710 1359 1780 fovea
1397 1708 1709 1810 lenonem
1751 1715 2033 1806 Lycum.

566 1847 780 1893 Aeon.
823 1820 1052 1891 Placet
1097 1819 1478 1889 consilium.
1530 1844 1789 1892 mm‘fl.
1839 1826 1988 1890 Imo
2049 1822 2288 1910 etiam,
2349 1824 2467 1894 ubi
2518 1848 2721 1919 expo·-

862 1931 1072 2002 livero
1085 1985 1104 2017 ‚

2665 1956 2718 1995 6«.

557 2042 787 2137 ‘Magis
819 2043 949 2113 hoc
984 2056 1127 2111 tum
1158 2041 1431 2111 demum
1471 2042 1652 2112 dices
1682 2068 1699 2109 ε
1731 2067 1914 2110 nunc
1948 2044 2153 2112 etiam
2189 2045 2358 2114 rude
2371 2044 2473 2115 'st.

568 2176 790 2222 Aeon.
828 2154 975 2245 Ego
1005 2151 1074 2219 in
1105 2150 1313 2220 oedem
1341 2152 1624 2221 Veneris
1654 2176 1771 2238 en,
1804 2152 1931 2219 nisi
1976 2153 2141 2247 quid
2178 2156 2275 2223 vis
2294 2208 2312 2243 ‚
2342 2153 2654 2249 Milphio.

565 2261 972 2356 Aphrodisia
1005 2260 1207 2329 hodie
1235 2276 1413 2330 sunt.
1445 2284 1691 2331 MILPH.
1705 2261 1859 2331 Scio
1875 2261 2028 2331 hoc.
2051 2288 2268 2335 Acon.
2296 2264 2548 2335 Oculos
2566 2264 2721 2336 volo

569 2376 762 2443 Meos
798 2369 1127 2441 delectare
1165 2372 1516 2440 munditiis
1554 2372 1972 2442 meretriciis,

570 2506 828 2553 ΜιιΡΗ.
866 2485 1015 2551 Hoc
1038 2482 1333 2580 primum
1360 2505 1639 2577 agamus
1661 2534 1681 2567 ,
1711 2481 1895 2576 quod
1932 2482 2285 2554 consilium
2310 2484 2626 2579 cepimus.
2669 2502 2721 2543 ⁶⁵

567 2594 906 2663 Abeamus
950 2592 1166 2679 intro,
1201 2607 1278 2662 ut
1310 2590 1763 2687 Collybiscum
1810 2592 2107 2663 villicum

567 2707 762 2773 Hanc
806 2702 1288 2797 perdoceamus
1327 2716 1403 2771 ut
1445 2701 1615 2771 ferat
1646 2700 2002 2773 fallaciam.

553 2836 790 2893 seon.
821 2814 1253 2906 Quamquam
1283 2812 1602 2907 Cupido
1583 2838 1651 2880 m
1685 2813 1887 2881 corde
1921 2827 2253 2891 vorsantur,
2287 2827 2513 2882 tamen

569 2906 724 2993 Tibi
759 2921 1175 2992 auscultabo,
1210 2946 1459 2993 mmm.
1490 2923 1758 2993 Faciam
1794 2937 1869 2992 ut
1911 2921 2088 2991 facto
2124 2920 2438 3018 gaudeas.

580 3080 729 3132 Tace.
790 3077 954 3131 Conf.
1004 3075 1224 3131 Curcul.
1267 3075 1332 3139 1,
1386 3093 1448 3139 ι,
1507 3076 1601 3139 84.

663 3159 758 3222 48.
782 3154 849 3208 Se
873 3176 1038 3209 amare
1063 3155 1210 3207 velle.
1231 3152 1380 3218 Quid
1403 3154 1512 3209 hoc
1532 3155 1604 3209 sit

578 3236 950 3297 locutionis-et
979 3232 1254 3289 sententioe
1289 3234 1488 3286 mirum
1523 3233 1603 3287 vi·

577 3316 736 3371 detur
773 3316 958 3382 novis,
1005 3313 1100 3367 sed
1125 3311 1354 3385 antiquis
1380 3332 1491 3366 non
1519 3314 1603 3367 vi-

575 3394 824 3451 debatur.
863 3396 948 3449 cf.
975 3393 1124 3446 Asin.
1153 3393 1282 3464 Arg.
1317 3405 1510 3446 acrost.
1550 3413 1601 3448 1.

576 3508 654 3519 --
681 3476 899 3548 obsequi
927 3476 1104 3527 animo.
1141 3472 1226 3528 Cf.
1255 3472 1452 3526 Bacch.
1480 3473 1602 3539 111,

580 3556 613 3609 3
625 3595 642 3620 ‚
671 3575 694 3609 1
711 3574 737 3608 ιι
749 3595 762 3608 .
781 3556 849 3607 N.

661 3642 753 3703 49.
778 3635 958 3686 Locum
979 3632 1076 3684 sibi
1101 3631 1228 3683 velle
1259 3630 1476 3684 liberum.
1506 3632 1604 3684 Lo-

575 3735 658 3767 cus
688 3714 824 3779 liber,
863 3712 959 3765 ubi
987 3711 1207 3765 remotis
1240 3710 1603 3782 interpellato-

572 3794 724 3847 ribus
747 3806 801 3847 et
834 3791 1073 3858 arbitriS,
1110 3790 1304 3863 aliquis
1334 3791 1602 3862 voluptati

577 3891 798 3943 operam
839 3870 968 3924 dare
1010 3883 1204 3945 potest.
1232 3871 1493 3925 Τιιιιιιιιιι.
1522 3899 1602 3911 -—

575 3951 722 4006 Vide
741 3964 795 4005 et
813 3963 962 4005 notas
984 3952 1132 4005 Asin.
1147 3952 1222 4017 V,
1253 3970 1281 4003 2
1293 3991 1308 4015 ,
1349 3968 1437 4021 17.

663 4030 751 4087 50.
781 4030 1002 4085 Arbiter.
1034 4031 1244 4102 Captiv.
1268 4032 1344 4099 11,
1367 4026 1421 4096 ἶ,
1453 4038 1541 4095 34.

660 4110 753 4167 51.
776 4112 870 4165 Ad
893 4131 973 4173 se,
997 4107 1144 4183 apud
1167 4130 1238 4165 se.

1722 3074 1867 3131 56.
1890 3076 2051 3147 Παρίἰ
2076 3075 2166 3127 tibi
2198 3079 2323 3129 auri.
2358 3075 2532 3146 Dupli
2558 3093 2721 3146 poena

1690 3155 1749 3208 in
1774 3174 1898 3209 eum
1923 3158 2294 3221 constituatur,
2316 3168 2369 3209 et
2390 3154 2527 3220 auri,
2547 3168 2604 3209 et
2625 3156 2724 3208 ho-

1689 3233 1883 3301 minis,
1912 3234 1973 3287 id
2004 3248 2123 3301 est,
2162 3235 2303 3289 servi
2343 3235 2577 3311 surrepti
2624 3254 2726 3287 no·

1690 3314 1855 3366 mine.
1877 3304 2065 3368 Luni.
2083 3348 2165 3359 —
2182 3315 2293 3369 Fur
2318 3315 2569 3387 publicus
2590 3333 2724 3386 qua·

1692 3391 1913 3464 drupli‚
1952 3380 2216 3477 privatus
2242 3393 2397 3466 dupli
2434 3393 2727 3449 damnaba-

1695 3484 1803 3526 tur.
1829 3473 1898 3527 N.

1776 3552 1866 3623 57.
1918 3552 2165 3623 Eqficiat,
2215 3526 2425 3609 tantum
2474 3553 2722 3625 pecunia

1692 3630 1930 3703 colligat.
1955 3632 2027 3687 N.
2338 3652 2347 3661 ·

1778 3712 1871 3781 59.
1924 3713 2232 3783 Decipiemus
2274 3713 2427 3781 fovea
2490 3713 2719 3765 lenonem.

1691 3790 1939 3845 Sumtum
1978 3812 2009 3846 a
2044 3794 2287 3859 rusticis,
2329 3792 2424 3867 qui
2454 3788 2596 3847 caeca'
2642 3792 2732 3845 fo-'

1691 3888 1787 3925 veo
1803 3872 1937 3926 facta
1950 3874 2140 3945 ,lupos
2156 3892 2348 3945 capere
2366 3873 2554 3927 solent.
2572 3872 2720 3924 Em«.

1774 3956 1868 4006 60.
1894 3954 2212 4024 Expolc‘vsro.
2235 3953 2360 4007 Mil.
2384 3953 2489 4018 IV,
2524 3956 2589 4017 4,
2622 3948 2717 4021 37.

1776 4035 1873 4087 62.
1898 4033 2157 4107 Nisiquid
2174 4037 2271 4088 vis.
2294 4031 2455 4087 Conf.
2485 4030 2633 4085 Asin·
2660 4030 2718 4095 1,

1701 4129 1751 4177 1,
1780 4112 1873 4180 95.
