3067 5017
855 420 1202 490 ACTUS
1251 416 1414 503 ΙΙΙ,
1467 418 1812 489 S'CENA
1864 420 1949 488 V.
2195 430 2205 440 ‘
2329 407 2469 483 255

334 570 522 618 LABR.
551 548 886 638 Tangam,
923 540 1149 611 hercle
1169 596 1189 629 ,
1218 560 1402 611 vero.
1437 564 1627 611 DAEM.
1655 540 1962 635 Agedum
1996 562 2196 633 ergo,
2222 537 2471 608 adcede

615 654 752 723 huc
797 652 1019 721 mod0.

334 791 526 836 LABR.
560 762 898 833 Jubedum
935 750 1245 831 recedere
1275 764 1436 830 istos
1461 760 1661 830 ambo
1699 759 1859 830 illuc
1902 750 2129 831 ῐηοᾶο.ι

333 900 515 947 DAEM.
566 879 712 944 Imo
764 874 848 943 ad
894 888 961 943 te
1001 872 1346 943 adcedent.
1413 893 1614 943 LABR.
1662 874 1851 961 Non,
1897 872 2151 959 hercle,
2207 886 2473 967 egomet

615 1010 876 1054 censeo.
2300 998 2307 1003 “

331 1122 516 1169 DAEM.
539 1096 726 1187 Quid
755 1116 934 1190 ages,
947 1096 1002 1164 si
1027 1092 1352 1163 adcedent
1375 1094 1703 1187 propius?
1724 1116 1929 1163 mna.
1952 1098 2097 1189 Ego
2116 1120 2470 1169 recessero.

328 1212 608 1296 Verum,
645 1232 845 1277 senex
869 1260 888 1292 ‚
921 1207 976 1275 si
1007 1218 1072 1275 te
1109 1229 1409 1299 unquam
1446 1206 1517 1273 in
1553 1204 1721 1273 urbe
1754 1204 2123 1275 obfendero
2145 1261 2165 1293 ,

328 1322 727 1413 Nunquam,
757 1314 1014 1403 hercle,
1042 1316 1397 1409 quisquam
1439 1340 1549 1384 me
1595 1314 1909 1384 lenonem
1950 1314 2228 1404 dixerit,

329 1431 394 1501 Si
428 1454 570 1498 non
614 1443 681 1497 te
723 1426 919 1496 ludos
960 1448 1308 1521 pessumos
1349 1424 1685 1496 dimisero,

327 1562 514 1609 DAEM.
548 1537 778 1607 Facito
808 1538 980 1605 istuc
1006 1534 1190 1630 quod
1223 1537 1558 1606 minitaris
1588 1562 1604 1604 ε
1637 1536 1752 1605 sed
1795 1561 1978 1605 nunc
2014 1538 2283 1607 interim

331 1648 397 1717 Si
432 1646 579 1716 illas
618 1645 934 1739 adtigeris
960 1700 978 1730 ‚
1019 1644 1292 1713 dabitur
1329 1646 1451 1714 tibi
1497 1671 1821 1741 magnum
1862 1646 2135 1718 malum.

331 1782 526 1827 LABR.
557 1759 784 1847 Quam
811 1780 1130 1850 magnum
1160 1756 1569 1827 vero?1›AEM.
1598 1758 1949 1845 Quantum
1977 1756 2209 1828 lenoni
2234 1773 2336 1827 sat
2362 1774 2499 1835 est..

330 1892 531 1938 LABR.
569 1867 894 1937 Minacias
924 1892 1053 1961 ego
1085 1868 1242 1935 istas
1271 1868 1466 1936 flocci
1503 1894 1640 1936 non
1679 1868 1851 1938 facio
1886 1885 2056 1939 tuaS.
2430 1898 2483 1937 ιε,-

331 1978 662 2073 Equidem
699 1993 764 2046 te
801 1978 1012 2046 invito
1044 1977 1185 2069 jam
1223 1979 1454 2047 ambas
1492 1980 1775 2073 rapiam.
1804 2003 1998 2051 DAEM.
2029 1981 2449 2077 Tangedum.

334 2112 532 2157 Luni.
579 2091 922 2180 Tangam,
974 2088 1236 2176 hercle,
1273 2114 1454 2159 vem.
1510 2112 1702 2161 DAEM.
1754 2094 1988 2188 Tange
2046 2118 2062 2160 ε
2123 2092 2236 2163 sed
2289 2092 2482 2182 scin',

621 2198 962 2291 quomodo
991 2196 1022 2267 ?

335 2306 561 2392 Idam,
584 2306 907 2377 Turbalio
931 2362 949 2393 ‚
993 2304 1334 2378 curriculo
1373 2310 1566 2379 adfer

337 2420 519 2487 Duas
566 2416 806 2487 clavas.
860 2441 1063 2488 LABR.
1117 2414 1410 2489 Clavas?
1443 2444 1638 2491 DAEM.
1688 2422 1820 2491 Sed
1864 2425 2151 2517 probas;
2197 2446 2487 2522 propera

627 2542 779 2597 cito.

336 2641 477 2734 Ego
517 2646 581 2706 te
616 2636 818 2707 hodie
853 2638 1007 2707 faxo
1047 2654 1224 2709 recte
1268 2641 1659 2735 adceptum,
1696 2657 1773 2711 ut
1808 2642 2052 2738 dignus
2074 2639 2177 2717 es,

340 2773 533 2820 Lana.
573 2749 768 2818 Eheu
791 2802 812 2835 ,
841 2748 1152 2820 scelestus
1189 2749 1444 2844 galeam
1484 2752 1555 2819 in
1602 2754 1756 2849 navi
1791 2754 2049 2846 perdidi
2081 2781 2098 2823 ε

340 2862 538 2931 Nunc
571 2859 741 2927 mihi
783 2859 1167 2953 obportuna
1209 2860 1362 2929 heic
1403 2874 1600 2948 esset,
1645 2861 1822 2930 salva
1860 2865 1914 2951 si
1953 2863 2142 2934 foret.

341 2973 528 3041 Licet
571 2968 805 3039 saltem
843 2970 1002 3038 istas
1042 2970 1210 3039 mihi
1253 2969 1609 3065 adpellare.
1658 2997 1851 3043 DAEM.
1882 2976 2035 3045 Non
2070 2974 2243 3050 licet.

253 3066 260 3078 ’
341 3082 550 3151 Ehem
587 3096 902 3173 optume,
931 3080 1198 3175 edepol,
1228 3106 1459 3151 eccum
1493 3080 1791 3150 clavator
1826 3083 2097 3154 advenit
2124 3083 2139 3153 l
2436 3110 2485 3149 2⁵

346 3215 546 3262 LABR.
579 3190 759 3261 Illud
800 3191 1100 3285 quidem,
1147 3190 1422 3287 edepol,
1471 3192 1953 3262 tinnimentum
1970 3194 2050 3265 'st
2084 3196 2383 3267 auribuS.

346 3411 458 3445 sum
487 3410 681 3463 rapere
716 3390 802 3443 vel
830 3392 1056 3445 trahere.
1077 3390 1326 3445 Tibullus
1351 3413 1363 3443 :
1548 3410 1648 3463 17,
1679 3394 1770 3447 18.
1816 3395 2118 3465 Tang-edum.
2154 3416 2315 3451 nnn.
2350 3402 2489 3452 Tan·
2542 3384 2545 3389 ¹

353 3499 374 3520 ι
395 3472 646 3543 Sertaque
669 3468 738 3523 de
759 3472 952 3525 sanctis
971 3470 1270 3542 deripuisse
1294 3472 1371 3524 fo-
1457 3490 1573 3542 gam
1591 3506 1607 3533 ‚
1650 3486 1752 3526 etc.
1790 3472 1907 3527 Hoc
1936 3476 2179 3547 spurium
2212 3465 2351 3544 olet}
2398 3500 2490 3535 va-

349 3551 421 3605 cis
443 3578 492 3605 ι.
534 3552 623 3605 Sie
657 3550 886 3621 degredi,
923 3570 1025 3621 pro
1060 3551 1373 3616 descendere,
1462 3552 1635 3605 riante
1666 3552 1895 3607 lectione
1914 3594 1929 3621 ,
1954 3557 2020 3609 ab
2052 3558 2400 3613 oscitantibus
2430 3562 2493 3613 li·

351 3630 489 3702 apud
504 3630 1090 3693 Sallustium,Livium,
1109 3631 1375 3696 Tacitum,
1465 3632 1655 3685 brariis
1685 3652 1749 3685 ex
1777 3654 1866 3687 vv.
1902 3635 1964 3699 5,
2002 3639 2034 3687 6
2064 3638 2371 3708 repetitum.

351 3710 672 3764 Ausonium.
712 3710 1023 3763 Victorinus
1061 3709 1130 3763 de
1177 3710 1378 3764 Ortho-
1556 3730 1647 3765 αα.
1676 3710 1930 3767 Scelestiss.
1956 3715 2109 3769 Asin.
2142 3718 2215 3781 V,
2250 3736 2279 3769 2
2302 3758 2319 3783 ,
2356 3723 2415 3774 6.

351 3791 566 3863 graphia
588 3811 602 3841 t
642 3816 665 3837 ι
686 3788 920 3859 Degredi
942 3790 965 3854 ‚'
1007 3787 1077 3843 de
1103 3790 1381 3861 superiore
1558 3790 1650 3845 25.
1674 3792 1924 3858 Clusmim,
1946 3796 2037 3866 qui
2066 3797 2266 3849 clavam
2295 3812 2495 3869 gestat:

351 3868 464 3924 loco
497 3868 824 3923 descendere
847 3895 896 3921 ι.
921 3871 1240 3935 fflmansn„
1471 3872 1752 3942 κορυνήτης.
1790 3874 1871 3925 De
1908 3877 2053 3926 servis
2085 3876 2339 3948 clavigeris
2375 3880 2499 3933 vide

431 3952 482 4003 8.
509 3951 631 4004 Non
656 3969 854 4011 censeo,
885 3950 1032 4001 nolo.
1076 3951 1258 4004 Censeo
1291 3968 1383 4002 an·
1471 3952 1643 4004 Turn.
1666 3950 1763 4003 lib.
1785 3952 1957 4018 X111',
1989 3956 2041 4007 6.

353 4029 566 4083 nuentis
599 4042 698 4083 est.
725 4029 947 4082 Phorm.
978 4029 1026 4094 1,
1051 4050 1104 4092 2,
1132 4030 1224 4083 52.
1295 4064 1305 4080 ·
1560 4034 1644 4084 26.
1671 4031 2040 4085 Tinnimentum.
2066 4034 2282 4091 Clavam
2302 4038 2502 4094 intelli·

437 4129 526 4165 υ.
563 4109 730 4163 Ludos
769 4108 1022 4174 dimisero,
1053 4110 1188 4180 i.„q.
1227 4108 1388 4161 ludos
1475 4110 1594 4181 git:
1634 4112 1792 4181 quia,
1833 4130 2001 4183 quum
2038 4130 2197 4187 caput
2226 4137 2289 4171 ea
2325 4096 2516 4174 tundi-⁸

354 4189 581 4261 aliquem
608 4189 808 4242 facere.
838 4189 993 4257 Capt.
1017 4189 1124 4256 ΠΙ,
1151 4196 1212 4255 4,
1247 4196 1337 4258 47.
1477 4203 1749 4256 tur‚aures
1761 4191 2018 4247 tinnitum
2034 4196 2475 4255 audiuntffnnzc.
