3067 5017
842 407 1178 512 AcTu‘s
1231 441 1357 526 lv,
1408 441 1751 510 SCENA
1801 413 1933 509 lv.

2311 443 2451 531 435

312 564 444 634 Sed
483 565 630 656 quis
664 565 785 631 iste
819 577 918 630 est
958 577 1114 630 tuus
1151 564 1476 632 ornatus?
1515 587 1719 632 CALL.
1743 567 1905 668 Ego
1945 564 2163 634 dicam
2204 568 2349 635 tibi.
2389 625 2395 632 .

313 675 724 742 Thesaurum
762 671 1171 740 ecfodiebam
1211 674 1426 758 intuS,
1464 673 1727 760 dotem,
1774 673 1923 743 filiae

312 785 471 852 Tuae
509 809 654 877 quae
691 782 963 850 daretur
995 803 1026 849 τ’
1051 781 1164 850 sed
1201 784 1384 850 intus
1421 783 1711 850 narrabo
1751 784 1872 852 tibi

312 898 401 962 Et
441 894 572 962 hoc
621 908 685 961 et
741 889 906 976 alia,
957 917 1249 984 sequere.
1301 915 1584 981 orgARM.
1638 893 1953 964 Stasime!
2008 921 2194 967 s‘rAS.
2237 897 2457 968 Hem!

605 1009 887 1072 CHARM.
927 1002 1218 1069 Strenue

313 1115 524 1181 Curre
561 1113 630 1180 in
673 1113 994 1180 Piraeeum
1023 1165 1042 1198 ,
1084 1127 1285 1204 atque.
1332 1137 1545 1180 unum
1577 1114 1989 1183 curriculum
2034 1116 2196 1185 face.

309 1223 589 1292 Videbis
630 1221 808 1290 illam
854 1220 1025 1294 illeic
1065 1247 1334 1308 navem,
1375 1246 1506 1314 qua
1552 1223 1816 1297 advecti⁴
1851 1251 2101 1295 sumuS.

305 1335 546 1402 Jubeto
587 1332 1110 1427 Sangarionem,
1153 1358 1302 1426 quae
1351 1333 1837 1425 inperaverim,
1977 1321 1983 1330 x

310 1445 602 1527 Curare,
643 1457 720 1510 ut
761 1442 1173 1528 ecferantur3
1212 1457 1282 1512 et
1317 1457 1394 1518 tu
1439 1443 1534 1511 ito
1576 1444 1799 1513 simul.

308 1551 711 1622 Solutum’st
750 1536 1062 1646 portitori
1095 1553 1236 1644 jam
1277 1554 1677 1646 portorium.

307 1688 492 1742 srAs.
518 1661 708 1732 Nihil
739 1677 836 1730 est
874 1688 1098 1745 morae.
1132 1687 1414 1734 CHARM.
1451 1667 1519 1748 I,
1539 1665 1562 1743 i
1582 1717 1607 1754 2
1632 1661 1906 1735 ambula
1924 1717 1943 1749 ,
1970 1677 2275 1750 actutum
2298 1665 2464 1745 redi.

307 1799 484 1843 STAS.
517 1773 701 1842 Illeic
729 1798 876 1842 sum
911 1788 1114 1867 atque
1145 1775 1295 1846 heic
1331 1800 1500 1844 sum.
1533 1771 1734 1857 citu..
1768 1778 2058 1869 Sequere
2092 1791 2165 1864 tu
2194 1778 2330 1870 ‘hac
2358 1805 2467 1848 me

598 1884 798 1962 intro.
834 1907 1115 1970 CHARM.
1159 1887 1443 1976 Sequor.

304 2017 485 2062 STAS.
527 1993 656 2062 Hic
690 2017 839 2060 meo
881 1992 1044 2060 hero
1083 1994 1338 2062 amicus
1383 1992 1563 2062 solus
1608 1993 1843 2073 firmus
1886 1995 2164 2083 restitit,

301 2105 534 2194 Neque
573 2100 945 2182 demutavit
982 2102 1285 2185 animum
1326 2102 1408 2180 de
1453 2103 1648 2190 firma
1689 2103 1842 2182 fide.

306 2215 735 2304 Quamquam
779 2211 1039 2295 labores
1079 2210 1328 2295 multos

1340 2209 1439 2244 ηιμ

306 2323 437 2390 Sed
478 2323 589 2390 hic
633 2347 804 2392 unus
828 2374 848 2405 ,
886 2336 962 2387 ut
997 2346 1121 2414 ego
1161 2323 1532 2414 subspicor,
1570 2334 1788 2400 servat
1835 2321 2060 2397 fidem.

307 2433 416 2500 Ob
458 2458 599 2499 rem
644 2430 940 2498 labo-rem
989 2455 1143 2498 eum
1184 2456 1310 2524 ego
1354 2431 1608 2524 cepisse
1644 2455 1903 2498 censeo,

393 2634 477 2667 10.
505 2615 648 2666 Hem.
671 2615 753 2665 En
779 2611 986 2667 adsum.

397 2701 484 2756 14.
517 2695 627 2749 Ito,
655 2693 855 2746 venito·

394 2791 482 2844 17.
521 2775 658 2826 Illeic
689 2792 820 2832 sum,
853 2784 952 2826 etc.
989 2771 1149 2830 Conf.
1186 2772 1331 2842 Perg.

307 2855 388 2919 II,
424 2875 452 2905 2
475 2893 490 2917 ‚
520 2855 570 2906 8.

395 2935 482 2986 18.
529 2935 626 2984 Hic
677 2951 780 2982 meo
829 2933 959 2983 hero.
1011 2931 1179 3001 Magis
1233 2949 1336 3000 pro

306 3013 526 3065 scientia
552 3025 907 3083 spectatorum
930 3029 1090 3080 quam
1120 3029 1218 3081 pro
1247 3028 1338 3061 sua

305 3093 459 3162 loqui
496 3111 682 3144 servus
718 3111 864 3154 nuno
892 3089 1129 3142 videtur.
1165 3089 1338 3162 Facile

307 3173 562 3224 nonnulla
602 3171 832 3222 librariis
869 3171 1166 3240 praeterita,
1205 3168 1336 3222 dum

312 3252 688 3314 exscriberem,
710 3249 1050 3302 crediderim.
1072 3250 1143 3303 Ν.

395 3349 486 3382 22.
521 3331 602 3384 Ob
631 3349 746 3392 rem.
774 3331 898 3383 Non
927 3328 996 3380 de
1027 3349 1083 3380 se
1111 3337 1204 3392 au}
1229 3327 1335 3390 sujs

307 3409 578 3461 laboribus
616 3429 798 3462 servus
833 3409 1093 3479 loquitur,
1133 3406 1228 3463 sed
1265 3407 1334 3460 de

311 3488 570 3553 Calliclis,
607 3502 669 3541 ut
695 3501 916 3560 apparet
943 3488 1134 3540 ultimo
1156 3505 1331 3550 versu,

1421 2613 1518 2664 ubi
1590 2611 1903 2664 sententiam
1967 2633 2143 2666 veram
2218 2620 2455 2688 aperiam

1423 2690 1825 2754 emendatione,
1852 2693 1936 2743 Ab
1970 2713 2023 2744 re
2055 2694 2283 2748 laborem.
2333 2701 2456 2753 Non

1408 2771 1567 2832 xeuim
1598 2771 1687 2838 hie
1716 2772 1968 2840 convenit
2003 2771 2071 2830 de
2102 2793 2160 2838 re
2193 2777 2456 2850 faciendq.

1426 2851 1531 2902 Alii
1558 2863 1683 2902 suut
1706 2851 1933 2922 labores,
1961 2871 2094 2922 quos
2118 2873 2239 2908 eum
2260 2859 2459 2928 cepiase

1424 2928 1630 3001 judicat
1653 2931 1739 2982 Ab
1774 2950 1824 2982 re
1848 2971 1861 2992 ,
1911 2931 1971 2983 id
2000 2945 2114 2994 est,
2154 2935 2373 3001 frustra,
2405 2941 2459 2992 e't

1427 3029 1539 3061 non
1595 3028 1659 3061 ex
1715 3011 1907 3061 merito
1957 3012 2139 3082 ipsius.
2180 3015 2460 3070 Immerito

1427 3089 1578 3146 enim
1604 3090 1883 3148 calumniis
1907 3093 2229 3160 exagitatum
2256 3108 2308 3147 et
2335 3115 2463 3149 one—

1427 3179 1603 3220 ratum
1642 3169 1861 3220 infamia
1902 3170 2112 3237 innuit,
2157 3192 2315 3244 quam
2362 3177 2455 3228 ille

1426 3247 1534 3299 fide
1561 3267 1652 3300 sua
1672 3249 1773 3300 sibi
1797 3264 2108 3319 pepererat,
2134 3265 2194 3304 ut
2216 3272 2279 3305 ex
2299 3273 2457 3326 supe-

1423 3327 1660 3390 rioribus
1682 3327 1904 3390 clarum.
1930 3330 1999 3394 Et
2022 3330 2131 3400 huc
2154 3333 2313 3386 etiam
2339 3355 2458 3388 ver-

1421 3408 1617 3464 borum
1642 3405 1970 3460 defectorum
1996 3428 2177 3464 sensus
2194 3415 2451 3482 respexit=

1427 3488 1732 3558 Quamquam
1760 3489 1880 3541 lab«
1891 3489 2055 3542 Acm-

2152 4280 2261 4344 28.
