3067 5017
579 403 720 498 396

1352 397 1944 484 TRINUMUS‚

575 525 880 598 Salillum
923 525 1195 610 animae,
1233 525 1350 620 qui
1385 551 1593 618 quom
1627 523 1963 620 extemplo
2002 524 2383 614 amisimuS,

571 643 791 731 AEquo
825 634 1166 705 mendicus
1201 650 1401 730 atque
1448 635 1557 704 ille
1596 635 2163 730 opulentissumus

572 753 901 820 Censetur
937 769 1140 816 censu
1185 744 1271 814 ad
1314 746 1767 816 Acheruntem
1807 762 2135 817 mortuus·

574 881 756 926 sTAs.
801 856 1053 924 Mirum
1080 909 1099 941 ,
1137 855 1208 922 ni
1246 870 1320 924 tu
1361 854 1521 924 illuc
1562 870 1783 925 tecum
1827 857 2091 926 divitias
2128 855 2334 928 feras!

571 968 709 1038 Ubi
751 953 1056 1035 mortuus
1093 965 1222 1053 sis,
1261 965 1352 1034 ita
1395 966 1486 1036 sis
1523 949 1601 1034 ut
1636 991 1886 1036 nomen
1926 966 2119 1038 cluet.
2670 985 2728 1038 πᾶ

570 1098 686 1145 ΡΗ.
731 1078 932 1146 Nunc
969 1090 1044 1143 ut
1085 1076 1250 1144 scias
1291 1075 1440 1144 heic
1481 1075 1806 1146 factiones
1843 1092 2047 1173 atque
2092 1103 2253 1173 opes

571 1189 728 1260 Non
758 1198 904 1256 ‘esse
929 1239 948 1273 ‚
986 1211 1202 1281 neque
1235 1211 1357 1255 nos
1397 1201 1582 1255 tuam
1604 1219 1609 1226 ¹
1630 1186 1983 1282 neglegere
2020 1191 2337 1284 gratiam,

572 1297 730 1368 Sine
771 1297 924 1366 dote
959 1321 1163 1391 posco
1203 1311 1389 1365 tuam
1426 1321 1725 1366 sororem
1766 1296 1929 1368 filio.-

568 1407 738 1494 Quae
771 1432 876 1474 res
906 1407 1074 1476 bene
1107 1422 1327 1476 vortat
1356 1404 1370 1475 !
1425 1405 1710 1476 habeon’
1746 1410 2066 1502 pactam?
2097 1409 2263 1504 quid
2307 1425 2483 1480 taces
2498 1411 2537 1480 ἓ·

573 1543 758 1592 STAS.
803 1523 936 1590 Pro
973 1521 1040 1588 di
1079 1520 1524 1608 inmortaleiS‚
1562 1520 2016 1591 conditionem
2053 1521 2515 1618 quojusmodi!
2648 1558 2728 1586 mo

576 1655 696 1724 1³11.
742 1633 931 1721 Quin
968 1631 1304 1700 fabulare:
1343 1633 1436 1701 Di
1477 1632 1647 1700 bene
1682 1633 1983 1704 vortant!
2034 1634 2351 1728 spondeo,

577 1767 762 1813 s'rAS.
799 1745 1025 1829 Eheu,
1061 1744 1178 1812 ubi
1213 1769 1372 1812 usus
1411 1742 1579 1812 nihil
1626 1759 1770 1812 erat
1807 1745 1989 1815 dicto
2014 1800 2033 1833 ‚
2070 1746 2367 1842 spondeo

577 1951 685 1985 moe.
711 1929 908 1982 Sumus
933 1927 1204 1979 vasculum
1237 1928 1388 1994 salis,
1415 1927 1472 1980 id
1497 1939 1605 1992 est,

575 2028 756 2064 sumus
800 2008 1115 2077 corpuscula
1157 2008 1390 2060 animata
1419 2029 1432 2059 ι
1479 2026 1605 2061 nam

576 2107 804 2160 corpora
830 2099 1008 2139 nostra
1037 2100 1159 2139 sunt
1189 2101 1464 2158 tamquam
1487 2087 1607 2142 ani-

576 2187 786 2222 marum
809 2167 1037 2220 vascula.
1071 2166 1296 2219 Salillum
1326 2173 1501 2220 am'moe
1521 2166 1606 2220 di-

579 2250 689 2311 xit,
746 2248 884 2300 forte
945 2248 1287 2300 translatione
1345 2248 1607 2300 sermonis

572 2330 710 2382 facta
731 2346 762 2380 a
783 2326 978 2380 mensis
995 2344 1316 2398 pauperum,
1333 2346 1456 2398 quae
1483 2341 1608 2380 sunt

544 2436 548 2454 ι
573 2425 832 2479 perquam
858 2419 1044 2458 tenues
1075 2418 1130 2460 et
1165 2408 1282 2460 sine
1309 2419 1602 2478 apparatu:

575 2490 650 2541 eis
671 2489 817 2540 enim
841 2488 912 2539 sal
939 2505 1040 2558 pro
1057 2488 1282 2540 obsonio
1303 2500 1397 2540 est.
1415 2487 1603 2539 Horat.

576 2567 683 2621 Od.
713 2569 799 2632 11,
827 2571 896 2620 16
917 2585 930 2619 τ
972 2593 994 2614 α
1014 2567 1234 2620 Vivitur
1256 2586 1424 2638 parvo
1447 2567 1604 2630 hene,

573 2649 662 2701 cui
704 2660 988 2718 paternum
1027 2645 1283 2717 Splendet
1317 2647 1373 2698 in
1423 2659 1602 2698 mensa

573 2728 721 2780 tenui
750 2727 973 2779 salinum
994 2765 1010 2790 ,
1049 2739 1151 2780 etc.
1177 2753 1200 2774 ι
1247 2727 1398 2779 Licet
1437 2727 1601 2778 etiam

571 2807 778 2872 dicere,
804 2808 1052 2860 Plautum
1075 2825 1142 2858 eo
1169 2819 1457 2876 spectasse,
1486 2807 1601 2858 ani·

572 2907 718 2942 mam
747 2885 963 2957 corpori
991 2897 1177 2939 nostro
1199 2903 1311 2938 esse
1333 2905 1434 2956 pro
1458 2886 1599 2939 sale:

489 2977 492 2983 '
573 2964 1025 3038 quemadmodum
1050 2965 1194 3018 enim
1221 2983 1406 3018 carnes
1437 2985 1601 3037 pecu-

575 3046 708 3100 dum
731 3047 773 3098 si
797 3044 896 3098 diu
925 3058 1202 3098 serventur
1225 3045 1336 3098 sine
1355 3047 1480 3110 sale,
1500 3065 1604 3116 pu-

573 3138 838 3179 trescunt:
858 3127 928 3177 ita
951 3139 1003 3177 et
1021 3143 1266 3196 corpora,
1287 3125 1462 3178 efflata
1485 3127 1603 3179 ani-

577 3209 664 3258 ma
685 3243 698 3269 ‚
724 3216 923 3276 putore
945 3217 1386 3277 corrumpuntur.
1415 3207 1599 3260 Lami.

655 3304 753 3354 92,
793 3287 888 3354 93.
951 3284 1124 3356 AEquo
1179 3297 1396 3338 censetur
1442 3307 1602 3342 censu.

575 3365 736 3418 Tanti
759 3364 1268 3429 aestimatum—2411,
1290 3365 1451 3435 apud.

657 3444 751 3512 95.
785 3444 856 3495 Ut
882 3461 1049 3494 nomen
1086 3447 1226 3500 eluet.
1255 3445 1467 3516 Opinor
1493 3467 1605 3499 ser-

574 3543 702 3577 vum
731 3524 836 3575 hoc
861 3523 1034 3574 velle:
1067 3524 1244 3576 Credo
1277 3527 1520 3594 profecto
1553 3541 1621 3578 te·

575 3604 706 3656 illuc
731 3598 820 3664 (ad
838 3602 1222 3668 Acherontem)
1245 3601 1458 3657 divitias
1487 3620 1602 3658 tuas

575 3683 950 3754 perlaturum:
979 3683 1070 3734 urbi
1123 3683 1341 3736 demum
1393 3675 1413 3753 (
1433 3704 1599 3756 quum

575 3775 820 3814 mortuus
841 3761 1096 3814 nimirum
1117 3757 1244 3826 eris)
1265 3763 1334 3815 sis
1357 3775 1412 3814 ut
1433 3785 1603 3818 nomen

579 3843 736 3907 cluet,
764 3840 803 3892 i.
834 3861 883 3895 e.
916 3842 1096 3895 Philto
1131 3861 1144 3895 :
1184 3857 1243 3895 ut
1269 3843 1345 3894 ibi
1383 3835 1601 3898 deinum

565 3911 960 3991 'benignitatem
987 3933 1132 3974 tuam
1150 3940 1422 3988 exerceas,
1443 3937 1495 3976 et
1516 3945 1603 3978 re-

577 4018 700 4052 vera
740 4001 920 4052 Philto
961 4001 1031 4053 sis
1073 4002 1386 4054 hominibus
1417 4025 1428 4054 z
1474 4023 1597 4058 nam

575 4093 636 4131 ut
657 4099 800 4133 nunc
826 4079 1046 4150 quidem
1073 4101 1128 4134 es
1145 4121 1160 4146 ,
1191 4083 1245 4133 in
1277 4083 1436 4137 tantis
1461 4082 1599 4151 divi-

573 4160 661 4212 tiis
693 4161 816 4213 satis
844 4179 1038 4230 parcus
1070 4179 1160 4214 es:
1192 4161 1337 4214 unde
1365 4166 1597 4218 nominis

1691 1929 1773 1982 tui
1825 1913 2000 2002 ἔτυμόν
2056 1931 2203 2000 apud
2246 1931 2453 1982 Orcum
2505 1929 2727 1984 demum

1692 2009 1925 2063 fortassis
1954 2029 2139 2065 verum
2162 2020 2272 2062 esse
2294 2009 2559 2062 ostendes,
2578 2011 2728 2066 Prsr.

1694 2117 1773 2130 --
1797 2091 1880 2143 Ita
1908 2095 1973 2142 sis
2004 2103 2060 2142 ut
2084 2104 2269 2142 nomen·-
2289 2089 2532 2142 Admitto
2556 2091 2729 2143 inter·

1690 2171 2046 2240 pretationem
2068 2170 2281 2224 Pistorii
2303 2191 2315 2220 ε
2339 2167 2434 2222 sed
2456 2183 2516 2222 ut
2534 2171 2581 2221 ei
2600 2171 2729 2224 satis

1692 2250 2016 2302 conveniant
2047 2252 2240 2314 verba,
2272 2250 2447 2302 scribo
2490 2270 2530 2300 :-
2560 2275 2583 2296 ι
2614 2251 2729 2302 Ubi

1694 2342 1937 2382 mortuus
1983 2331 2051 2382 sis
2068 2367 2083 2392 ‚
2138 2329 2213 2381 uti
2260 2329 2361 2392 sis,
2423 2341 2483 2381 ut
2526 2349 2729 2382 nomen

1692 2409 1833 2462 cluet
1856 2435 1903 2462 υ.
1930 2410 2115 2464 Gnon.
2134 2440 2211 2450 --
2234 2409 2481 2462 Lambini
2510 2410 2727 2480 planior

1692 2490 1961 2542 enarratio
1986 2509 1999 2542 :
2028 2515 2053 2537 α
2076 2489 2227 2559 quasi
2266 2504 2523 2559 queratur
2560 2507 2729 2542 senex

1690 2568 1839 2640 quod
1864 2568 2015 2621 dives
2028 2571 2189 2622 etiam
2212 2569 2268 2620 in
2293 2569 2477 2621 inferis
2488 2587 2599 2621 esse
2610 2588 2753 2635 non·

1689 2649 1890 2719 possit,
1922 2649 1979 2702 in
2018 2667 2142 2700 eum
2180 2647 2408 2702 ridicule
2448 2649 2728 2702 invehitur

1688 2730 1973 2795 servulus3
2016 2727 2323 2781 mirandum
2353 2745 2476 2786 sane
2502 2741 2582 2781 est
2600 2767 2615 2792 ,
2647 2729 2727 2780 iu-

1687 2810 1835 2878 quit,
1890 2809 1934 2860 si
1986 2821 2104 2861 tuas
2150 2807 2363 2861 divitias
2409 2809 2539 2860 illuc
2584 2809 2727 2860 ferre

1685 2907 1795 2940 non
1830 2888 2024 2959 possis,
2052 2902 2106 2941 et
2144 2887 2238 2941 ubi
2268 2889 2339 2940 sis
2364 2901 2627 2950 mortuus,
2655 2888 2728 2940 sis

1687 2987 1841 3031 vere,
1861 2967 2013 3040 quod
2038 2967 2232 3022 dicaris
2249 3006 2266 3032 ‚
2288 2969 2324 3020 i.
2345 2987 2391 3020 e.
2408 2981 2657 3020 mortuus
2684 2994 2725 3020 υ.

1689 3081 1772 3091 --
1812 3049 1881 3100 Ue
1939 3069 2109 3100 nomen
2144 3049 2289 3100 cluet.
2333 3048 2417 3101 Cf.
2475 3046 2727 3101 Bacchid.

1686 3129 1803 3191 111,
1842 3149 1869 3180 α
1893 3167 1907 3191 ,
1950 3147 1998 3181 2.
2028 3129 2096 3181 N.
2740 3145 2747 3152 ·

1770 3213 1862 3278 96.
1880 3209 2033 3272 Heic,
2055 3209 2113 3260 in
2140 3220 2321 3260 nostra
2351 3206 2567 3260 familia.

1772 3307 1868 3356 99.
1904 3289 2031 3356 Quae
2060 3309 2134 3340 res
2168 3287 2283 3338 bene
2322 3293 2529 3338 voe-tat!
2560 3286 2720 3338 Curc.

1686 3369 1761 3432 V,
1792 3369 1846 3433 3,
1874 3369 1967 3422 51.
1993 3397 2065 3410 ·—-
2095 3367 2538 3437 Habeon'pactam
2558 3368 2598 3410 θ’
2627 3367 2725 3417 Est

1688 3449 1917 3500 formula
1959 3467 2063 3518 qua
2097 3449 2385 3500 utebantur
2414 3447 2469 3498 in
2496 3445 2721 3515 despon-

1688 3526 1878 3580 dendis
1926 3528 2119 3580 futuris
2168 3528 2445 3578 uxoribus.
2495 3526 2723 3589 Puellae,

1688 3625 1855 3677 quum
1884 3607 2240 3671 ambirentur,
2268 3605 2582 3659 dicebantur
2619 3623 2726 3674 spe-

1689 3699 1849 3748 ratce,·
1886 3705 2014 3757 quas
2058 3686 2255 3739 ducere
2298 3685 2573 3738 decretum
2613 3697 2727 3748 est,

1687 3780 1809 3837 post
1854 3768 2116 3820 celebrata
2162 3767 2427 3836 sponsal—ia
2466 3764 2727 3817 dicuntur

1682 3860 1858 3917 pacta».
1897 3847 2101 3899 Poenul.
2127 3847 2199 3910 V,
2236 3845 2289 3910 3,
2337 3847 2429 3898 38.
2471 3843 2631 3896 Unde
2672 3856 2728 3894 et

1682 3934 1879 3998 pactam
1900 3926 2147 3980 dicebant
2166 3945 2267 3996 pro
2282 3944 2497 3996 sponsa.
2510 3918 2727 3976 Gitona*

1778 4021 1899 4060 ποτ.
1936 4009 2071 4075 Quin
2086 4005 2319 4074 fabulare
2334 4046 2351 4070 ,
2396 4017 2493 4058 etc.
2538 4002 2730 4065 Au‘luL

1689 4088 1793 4154 IV,
1828 4105 1926 4153 10,
1960 4088 2055 4157 57.

1776 4187 1894 4221 102.
1921 4169 2102 4225 Dicto,
2130 4165 2357 4236 spondeo,
2376 4166 2509 4234 Sup.
2536 4167 2629 4214 25.
