3067 5017
582 369 721 457 584
1327 375 1956 464 QUEROLUS,

578 580 763 601 m
767 580 1039 602 mmm
1043 580 1598 605 mmmmm
1602 583 1877 606 mm
1881 584 1966 605 m
1973 583 2718 606 mmmmmmm

974 794 1469 903 ACTUS
1509 796 2245 932 QUINTUS.

1167 1203 1582 1295 SCENA
1645 1206 2096 1317 PRIMA.
2198 1138 2208 1147 ’

1252 1438 1435 1507 LAR
1482 1436 2029 1509 FAMILIARIS.

574 1610 995 1733 Tnuum
1033 1686 1207 1731 urna
1245 1660 1508 1755 peperit
1551 1662 1699 1730 auri
1743 1661 2017 1757 gravida
2055 1660 2396 1757 pondera,
2431 1661 2722 1759 vilisque

570 1786 789 1843 mater
815 1770 1069 1867 grande
1092 1770 1521 1865 puerperium
1547 1769 1730 1839 dedit
1747 1823 1766 1857 ,
1795 1771 2074 1867 indigna
2098 1797 2247 1865 quae
2273 1773 2717 1868 frangeretur.

568 1884 789 1952 Tanta
815 1882 946 1951 hoc
982 1906 1119 1950 non
1156 1879 1403 1948 meruit
1438 1878 1626 1949 fides.
1671 1883 1920 1973 Magna
1954 1881 2151 1976 plane
2177 1882 2327 1953 aula
2365 1899 2432 1953 et
2467 1910 2720 1955 memo-

572 1989 801 2061 rabilis
832 2015 971 2060 uno
1001 2004 1205 2084 atque
1226 1988 1460 2057 eodem
1496 2002 1799 2084 tempore
1832 1989 2105 2060 domino
2141 1992 2341 2061 fidem
2374 1993 2720 2088 persolvit,

573 2102 831 2173 furtum
861 2101 1021 2171 fecit
1061 2099 1344 2172 furibus.
1382 2104 1447 2171 Ο
1476 2101 1742 2193 sapiens
1771 2089 2197 2172 Ebeli01nos
2217 2102 2548 2196 jactantes
2579 2129 2720 2175 non

574 2202 843 2298 sunius;
910 2211 1299 2280 thesaurum
1372 2210 1649 2279 servasti
1727 2210 1950 2297 vivus,
2017 2210 2340 2282 liberasti‘
2388 2228 2718 2285 mortuus.

576 2328 838 2394 Omnes
873 2320 1099 2415 itaque
1134 2320 1440 2391 homines
1482 2344 1666 2389 nunc
1705 2319 2148 2416 intellegant,
2185 2346 2400 2417 neque
2436 2322 2722 2418 adipisci

572 2457 792 2528 neque
812 2432 1097 2529 perdere
1120 2429 1337 2501 valere
1364 2430 1621 2525 aliquid
1638 2485 1658 2519 ,
1685 2431 1812 2501 nisi
1844 2432 2094 2528 ubique
2119 2433 2336 2504 faveat
2359 2450 2572 2504 totum
2604 2436 2721 2506 ille

573 2544 699 2641 qui
738 2557 981 2637 potest.
1012 2544 1363 2632 Quantum
1403 2540 1490 2609 ad
1521 2566 1872 2634 personam
1911 2541 2192 2631 Queroli
2235 2559 2523 2638 spectat,
2564 2570 2719 2640 per-

573 2654 747 2723 fecta
774 2654 917 2748 jam
954 2667 1114 2723 sunt
1147 2651 1394 2721 omnia.
1431 2650 1566 2719 Sed
1595 2652 2234 2747 Mandrogerontem
2267 2653 2456 2723 illum
2498 2654 2719 2724 furem

576 2790 657 2836 ac
701 2762 1034 2859 perfidum
1078 2786 1261 2831 nunc
1309 2760 1656 2855 illaqueari
1701 2761 1890 2850 volo;
1936 2764 2054 2857 qui
2095 2764 2210 2832 ubi
2254 2766 2550 2860 primum
2587 2764 2720 2834 hoc

574 2875 907 2957 audierit,
942 2896 1217 2965 remque
1262 2895 1532 2940 omnem
1582 2872 1968 2965 agnoverit,
2013 2873 2336 2942 continuo
2378 2873 2721 2943 rediturus

574 3001 675 3057 est
701 3039 721 3070 ‚
762 2998 839 3053 ut
870 2984 1257 3053 thesaurum
1296 2980 1571 3051 dividat.
1610 2980 1971 3052 Codicillos
2014 2983 2216 3051 etiam
2261 2982 2560 3079 proferre
2593 3008 2718 3053 au·

579 3097 795 3183 debit,
820 3094 1064 3189 quibus
1101 3094 1196 3162 ita
1240 3080 1531 3161 cohaeres
1561 3092 1846 3187 scriptus
1881 3107 2023 3184 est,
2061 3093 2112 3161 si
2159 3093 2379 3163 aulam
2414 3092 2722 3183 Querolo

582 3209 725 3275 sine
770 3203 1006 3274 fraude
1057 3201 1461 3272 ostenderet.
1526 3202 1716 3294 Quid
1763 3202 1922 3272 huic
1966 3204 2206 3272 merito
2248 3205 2545 3290 eveniat,
2591 3205 2722 3274 nisi

583 3313 767 3412 quod
794 3314 931 3410 jam
962 3338 1145 3382 nuno
1179 3312 1577 3401 fiet?Ferat‚
1599 3313 1781 3407 quod
1806 3312 2024 3409 faeere
2051 3312 2312 3389 voluit:
2350 3340 2505 3387 nam
2536 3316 2722 3411 quod

580 3428 738 3501 fecit
755 3480 776 3515 ,
812 3440 1116 3497 nostrum
1153 3438 1274 3492 est.

1041 3627 1491 3718 SCENA
1580 3628 2259 3720 SECUNDA.

796 3857 1297 3952 QUEROLUS
1322 3907 1342 3943 ‚
1392 3856 1782 3927 ARBITER
1803 3910 1822 3942 ,
1874 3860 2520 3983 PaNTOMALUS.

675 4076 889 4136 oman.
949 4053 1013 4120 O
1059 4050 1334 4137 arbiter,
1375 4050 1606 4142 jamne
1653 4050 1909 4141 credis,
1963 4051 2147 4146 quod
2192 4053 2424 4124 vidisti-
2471 4054 2730 4125 modo?

588 4188 748 4241 ARB-
786 4159 1071 4259 Edepol,
1108 4159 1311 4230 eredo
1348 4174 1414 4228 et
1453 4160 1612 4231 scio,
1652 4184 1862 4247 szn.
1919 4160 2116 4259 Quid·
2143 4176 2256 4251 tu,
2295 4162 2729 4251 Pantomale‚
