3067 5017
608 442 695 517 52

1385 440 1959 539 ΡοΕΝυωε,

598 592 758 640 mc.
788 570 978 638 Itane
1012 564 1126 635 ille
1153 578 1252 635 est
1273 565 1593 659 cupiens?
1629 587 1792 635 Anv.
1824 565 2084 633 Aurum
2122 562 2349 633 habet.
2386 585 2745 643 mcx-ecum)

897 674 1131 745 Praeda
1169 674 1309 744 haet':
1352 680 1500 743 mea
1513 672 1616 744 ’st.

602 812 771 860 Anv.
809 786 1091 871 Potare,
1127 810 1350 855 amare
1388 783 1552 854 volt.
1588 807 1750 855 mre.
1779 786 2040 853 Locum
2080 782 2375 877 lepidum
2413 784 2611 857 dabo.

603 922 769 969 ADV.
818 899 907 967 At
941 896 1118 965 enim
1155 894 1267 963 hic
1301 893 1476 964 cla'm
1514 894 1747 963 furtim
1780 918 1921 963 esse
1955 892 2132 980 volt,
2170 902 2269 963 ne‘
2290 897 2410 990 qui.
2442 897 2687 985 sciant,

604 1007 1072 1080 Neve'arbiter
1104 1005 1190 1075 sit
1233 1030 1249 1073 ε
1288 1030 1444 1083 nam
1487 1004 1598 1074 hic
1639 1003 1811 1074 latro
1846 1005 1915 1071 in
1960 1006 2199 1097 Sparta
2240 1003 2405 1093 fuit,
2702 1028 2755 1069 ⁵·

608 1102 1014 1212 Ut'quidem
1052 1118 1193 1212 ipse
1222 1116 1419 1185 nobis
1457 1115 1662 1201 dixit,
1707 1113 1889 1209 apud
1922 1138 2147 1208 regem
2186 1114 2508 1185 Attalum.

607 1228 778 1298 Inde
821 1252 1002 1298 nunc
1033 1226 1328 1322 aufugit,
1371 1226 1694 1320 quoniam
1728 1225 1995 1319 eapitur
2033 1224 2382 1319 oppidum.

612 1363 814 1411 σου..
858 1338 1076 1409 Nimis
1116 1335 1332 1431 lepide
1367 1334 1453 1404 de
1497 1334 1793 1421 latrone,
1836 1334 1920 1403 de
1952 1337 2194 1428 Sparta
2232 1352 2528 1431 optume.

525 1462 530 1467 “
611 1472 770 1543 1710.
811 1449 901 1517 Di
927 1447 1212 1541 ‚deaeque
1251 1446 1438 1515 vobis
1479 1444 1691 1513 multa
1729 1445 1907 1513 bona
1945 1445 2137 1529 dent,
2173 1471 2382 1540 quom
2423 1450 2591 1519 mihi

612 1562 700 1629 Et
736 1558 906 1627 bene
945 1555 1336 1650 praeeipitis',
1373 1570 1438 1623 et
1480 1555 1731 1623 bonam
1769 1554 2064 1650 praedam
2106 1555 2299 1626 datis,
2711 1578 2761 1623 σε

614 1694 780 1739 Αυν.
822 1670 1008 1753 Imo,
1047 1681 1124 1735 ut
1162 1666 1301 1759 ipse
1337 1664 1765 1753 nobis'dixit,
1807 1691 1941 1759 quo
1982 1665 2263 1737 adcures
2304 1670 2578 1765 magis,'

615 1780 979 1849 Trecentos
1000 1779 1264 1856 ,numos
1297 1774 1645 1870 Philippos
1684 1790 1911 1869 portat
1943 1775 2231 1870 praesidi.

617 1914 768 1959 mc.
787 1892 934 1958 Rex
957 1888 1104 1956 sum
1120 1939 1142 1972 ‚
1161 1886 1214 1955 si
1240 1910 1366 1980 ego
1391 1884 1595 1955 illum'
1611 1885 1813 1954 hodie
1835 1886 2178 1955 hominem
2198 1887 2283 1957 ad
2308 1913 2414 1957 me
2430 1889 2765 1962 adlexero.

618 2024 787 2071 Amr.
841 1997 1030 2088 Quin
1068 1998 1181 2065 hic
1216 1996 1489 2091 quidem
1533 2011 1690 2065 tuus
1730 2010 1853 2065 est.
1916 2020 2070 2067 uc.
2137 1999 2470 2090 Obsecro,
2504 2003 2766 2091 hercle,

915 2107 1279 2207 hortamini
1296 2160 1317 2193 ,

618 2223 718 2290 Ut
752 2219 1142 2288 devortatur
1177 2217 1261 2286 ad
1307 2241 1413 2285 me
1445 2217 1514 2284 in
1561 2215 1929 2308 hospitium
1974 2231 2353 2311 optumum.
2719 2240 2775 2281 σο

623 2353 787 2401 Anv.
824 2331 1061 2422 Neque
1100 2353 1222 2397 nos
1265 2327 1572 2413 hortari,
1609 2350 1827 2420 neque
1863 2326 2202 2399 dehortari
2244 2330 2435 2401 decet

623 2438 986 2512 Hominem
1024 2438 1458 2532 peregrinum
1493 2461 1510 2505 ε
1552 2450 1739 2505 tuam
1777 2461 1918 2505 rem
1962 2452 2264 2535 tuages,
2300 2441 2353 2510 si
2399 2444 2595 2538 sapis,

620 2551 764 2620 Nos
800 2548 922 2631 tibi
960 2545 1348 2643 palumbem
1384 2546 1478 2615 ad'
1511 2570 1738 2615 aream
1776 2571 1991 2641 usque
2033 2549 2435 2622 adduximus
2470 2580 2485 2622 ε

625 2662 829 2731 Nunc
872 2674 940 2726 te
977 2656 1168 2726 illum
1203 2656 1441 2727 melius
1483 2680 1726 2750 capere
1752 2708 1773 2743 ,
1814 2658 1868 2726 si
1905 2674 2179 2753 captum
2216 2686 2355 2732 esse
2392 2664 2513 2733 vis·

628 2794 789 2841 mcc.
827 2772 1060 2838 Jamne
1103 2767 1256 2836 itis?
1310 2790 1511 2837 cont„
1541 2764 1753 2869 *Quid
1778 2820 1797 2854 ,
1836 2768 2020 2863 quod
2062 2770 2251 2840 vobis
2287 2773 2630 2860 mandavi,
2665 2774 2781 2845 ho-
2890 2800 2898 2809 ·

930 2878 1132 2973 spites
1149 2874 1179 2943 ἶ.)

721 3066 814 3129 48.
839 3062 1042 3116 Amare.
1077 3057 1231 3114 Asin.
1260 3059 1389 3129 Asg.
1419 3075 1527 3111 aer.
1560 3077 1607 3112 1.

724 3144 820 3197 50.
857 3141 1076 3193 Arbiter.
1110 3138 1327 3210 captiv.
1365 3138 1453 3199 11,
1485 3156 1536 3205 1,
1578 3144 1667 3202 ²4·

641 3254 722 3267 -
739 3224 913 3275 Latro.
939 3218 1157 3273 Cui-cul.
1179 3218 1283 3283 IV,
1317 3216 1372 3283 3,
1399 3221 1487 3271 16.

728 3302 822 3357 51.
855 3300 960 3371 Ap.
984 3319 1089 3369 reg.
1118 3303 1154 3350 i.
1179 3316 1228 3352 e.
1256 3316 1287 3351 a
1310 3314 1436 3367 rege
1463 3293 1672 3351 condu-

645 3394 790 3443 ctus,
813 3382 868 3434 in
897 3380 1038 3451 regis
1060 3377 1268 3431 militia.
1548 3398 1550 3401 ⁴

732 3460 825 3516 53.
855 3460 938 3511 De
963 3457 1150 3531 Sparta
1184 3470 1390 3528 optume.
1427 3456 1675 3509 Latronis

647 3559 848 3598 nomen
863 3539 954 3593 hic
973 3557 1078 3610 pro
1104 3537 1384 3601 milite‚ut
1409 3535 1539 3589 alibi
1564 3554 1679 3607 pas-

647 3620 750 3677 sim
765 3620 821 3673 in
841 3617 1101 3673 comoedia
1115 3635 1354 3670 romana.
1366 3616 1677 3680 Latronem,

649 3698 708 3755 id
733 3712 812 3754 est
825 3738 842 3764 ,
865 3699 1091 3753 militem
1115 3696 1172 3749 in
1200 3696 1392 3767 Sparta
1417 3694 1579 3749 fuisse
1608 3695 1679 3748 si-

651 3780 869 3853 gnifieat
885 3817 900 3844 ,
927 3790 1086 3849 capto
1108 3796 1174 3829 eo
1197 3773 1402 3846 oppido
1428 3773 1499 3828 ad
1525 3776 1681 3828 Atta-

651 3862 764 3914 lum
791 3876 975 3930 *regem
1002 3854 1320 3929 profugisse.
1361 3856 1431 3907 Et
1458 3858 1681 3924 per-egri-

653 3957 746 3993 πω
755 3938 1027 4010 Spartanus
1043 3936 1184 3991 infra
1195 3946 1436 3999 vocatur,
1455 3947 1559 3988 aet.
1578 3934 1682 4000 III,

654 4038 729 4074 sc.
760 4019 812 4073 5.
838 4020 1019 4072 Sum.

739 4098 834 4171 57.
865 4095 1096 4149 Proese‘da'.
1128 4092 1447 4149 Presidium
1471 4093 1678 4164 elegan-

651 4192 733 4234 ter
760 4197 864 4250 pro
889 4166 1193 4231 commeatu
1222 4173 1335 4230 sive
1360 4173 1559 4229 viatico
1585 4190 1681 4244 po·

2731 2907 2781 2947 6⁵

1758 3059 1917 3113 situm
1934 3092 1951 3126 ,
1982 3060 2130 3133 quod
2155 3062 2285 3116 fami
2312 3050 2553 3118 arcendo
2580 3074 2692 3117 est:
2722 3075 2785 3116 ut

1756 3140 1949 3205 Persa,
1984 3140 2041 3206 1,
2093 3140 2125 3193 3
2146 3180 2163 3206 ,
2218 3142 2311 3206 45.
2365 3144 2577 3196 Portare
2622 3144 2785 3215 igitur

1758 3238 1972 3273 nummos
1986 3222 2229 3291 presidii,
2248 3235 2327 3276 est
2348 3224 2403 3277 in
2424 3235 2785 3277 commeatum

1760 3312 1817 3353 et
1832 3313 2066 3353 sumtum
2096 3320 2273 3355 secum
2300 3303 2458 3357 ferre.
2481 3304 2515 3355 J
2519 3342 2534 3356 .
2554 3303 2701 3357 Guz..

1845 3382 1939 3433 62.
1970 3379 2031 3432 Sc·
2068 3384 2219 3453 sapis.
2254 3382 2507 3435 Formula
2534 3382 2640 3435 hoc
2666 3382 2789 3435 loco

1760 3456 2099 3513 admonentis
2116 3498 2131 3525 ,
2182 3460 2312 3517 alias
2355 3461 2609 3515 minantis
2629 3499 2647 3528 ,
2690 3479 2789 3531 par

1764 3538 1846 3591 ini
1869 3539 2103 3610 gallico,
2120 3543 2173 3611 je
2205 3553 2251 3593 te
2285 3542 2329 3593 le
2363 3540 2600 3594 con-seille.
2628 3540 2789 3595 Cous.

1765 3616 1973 3691 Amph.
1996 3620 2045 3684 1,
2078 3643 2127 3685 1,
2161 3619 2304 3686 15⁵;
2338 3620 2519 3676 Aulul.
2539 3622 2615 3687 11,
2646 3623 2705 3689 8,
2734 3619 2791 3686 5,

1770 3710 1823 3751 et
1849 3698 2159 3765 Bacch.1v,
2186 3718 2243 3769 9,
2271 3706 2398 3764 104.
2422 3702 2492 3757 N.

1853 3778 1945 3831 63.
1969 3780 2171 3833 Aream.
2198 3780 2351 3834 Asin.
2372 3783 2429 3845 1,
2456 3780 2511 3846 3,
2536 3784 2631 3842 64.

1854 3861 1949 3922 64.
1977 3859 2049 3911 Te
2072 3858 2206 3911 illum
2219 3898 2236 3922 ,
2264 3872 2362 3914 etc.
2378 3860 2553 3913 Malus
2573 3858 2665 3911 ille
2682 3876 2795 3909 am-

1771 3936 2067 4007 phiboliam
2108 3956 2174 3991 ex
2204 3937 2473 3993 industria
2504 3937 2699 4001 nectit,
2726 3955 2794 3990 eo

1771 4017 1883 4070 fere
1902 4016 2065 4073 modo
2088 4034 2197 4089 quo
2215 4018 2489 4071 oraculum
2506 4032 2521 4069 t
2551 4014 2713 4080 «Aio,
2723 4028 2797 4081 te,

1770 4094 1989 4151 AEncida
2002 4134 2017 4161 ,
2038 4098 2310 4150 Romanos
2329 4096 2544 4149 vincere
2565 4113 2719 4168 posse
2743 4121 2767 4143 ι
2782 4135 2796 4148 .

1854 4176 1946 4230 65.
1968 4175 2145 4229 Jamm
2180 4173 2302 4229 itis?
2335 4176 2589 4233 Fon-mula
2618 4173 2802 4231 dimit-
