3067 5017
841 358 1175 429 ACTUS
1222 362 1373 449 IV,
1424 361 1762 435 SGENA
1814 364 1968 455 111.

336 485 519 557 Nam
548 482 779 557 vinum
800 535 820 568 ,
858 484 913 551 si
941 480 1230 553 fabulari
1264 478 1531 577 posset,
1570 511 1640 556 se
1675 484 2079 555 defenderet.

339 598 499 665 Non
522 593 753 661 vinum
780 592 1165 663 horninibus
1184 594 1516 663 moderari
1541 648 1560 680 ‚
1594 595 1712 669 sed
1736 596 1894 663 vino
1917 595 2223 663 homines
2243 593 2489 682 solent,

343 704 489 793 Qui
533 701 805 797 quidem
852 702 1045 793 probi
1088 718 1292 777 sunt:
1326 728 1602 789 verum,
1643 705 1756 798 qui
1799 704 2126 797 inprobus
2170 718 2302 792 est,
2343 705 2487 775 sive

640 811 936 880 subbibit
958 864 978 891 ,

344 923 501 993 Sive
540 922 709 993 adeo
754 936 937 990 caret
970 936 1255 1007 temam,
1291 938 1515 994 tamen
1555 924 1695 993 ab'
1679 923 1951 1019 ingenio
1988 938 2094 993 est
2130 925 2484 1019 inprobus.

344 1058 497 1104 Dm.
536 1034 688 1103 Scio
723 1030 1063 1126 equidem;
1104 1057 1251 1126 quae
1294 1032 1492 1121 nolo,
1543 1034 1754 1103 multa
1793 1034 1959 1103 mihi
1999 1034 2332 1105 audienda
2374 1037 2494 1106 ob-

646 1143 862 1212 noxia.
2438 1146 2494 1207 ὁ.

344 1255 497 1347 Ego
534 1252 657 1321 tibi
694 1276 802 1321 me
836 1251 1207 1323 obnoxium
1240 1276 1383 1326 esse
1418 1252 1656 1338 fateor,
1689 1252 1904 1349 culpae
1935 1268 2318 1347 conpotem.

345 1386 513 1435 ANc.
552 1358 893 1447 Calliclem,
931 1361 1081 1431 vide
1103 1417 1123 1450 ,
1154 1388 1415 1456 quaeso,
1444 1363 1707 1438 homini
1743 1389 1828 1433 ne
1869 1362 2069 1433 facias
2107 1363 2442 1456 injuriam.

344 1476 527 1543 Reus
564 1470 822 1541 solutus
852 1496 1119 1544 causam
1156 1472 1318 1546 dicit
1343 1498 1363 1561 ς
1393 1473 1616 1543 testeis
1655 1473 1910 1545 vinctos
1952 1472 2232 1543 adtines.

346 1606 552 1653 CALL.
586 1580 833 1652 Solvite
870 1582 1026 1650 istas
1053 1608 1068 1650 τ
1098 1584 1276 1677 agite
1305 1636 1324 1670 ‚
1352 1583 1562 1669 abite,
1591 1597 1666 1651 tu
1705 1582 1980 1655 domum
2003 1634 2024 1673 ,
2054 1597 2121 1651 et
2155 1597 2230 1649 tu
2267 1595 2493 1648 autem

2343 358 2485 436 603

643 1691 919 1764 domum
952 1718 968 1759 ε

343 1800 682 1897 Eloquere
742 1802 882 1881 haec
930 1802 1110 1875 herae
1155 1817 1323 1888 tuae3
1380 1827 1663 1897 puerum
1703 1800 1976 1887 reddat,
2031 1801 2088 1869 si
2143 1798 2298 1893 quis
2338 1824 2496 1867 eum

644 1925 845 2004 petat.
2443 1931 2497 1971 os

343 2023 631 2107 EamuS,
682 2036 797 2105 tu,
844 2020 910 2088 in
946 2020 1080 2113 jus.
1122 2046 1269 2090 nm.
1320 2021 1511 2109 Quid
1549 2022 1648 2090 vis
1687 2022 1754 2089 in
1791 2020 1902 2113 jus
1943 2046 2049 2089 me
2106 2020 2250 2090 ire?
2299 2035 2372 2090 tu
2424 2044 2496 2089 es

636 2144 883 2223 praetor
917 2130 1107 2199 mihi.
1903 2114 1908 2125 ⁸

342 2242 603 2310 Verum
646 2255 710 2307 te
763 2240 1077 2328 obsecre,
1137 2254 1212 2309 ut
1254 2255 1437 2308 tuam
1483 2254 1752 2332 gnatam
1802 2239 1917 2307 des
1966 2238 2138 2317 mihi
2186 2264 2500 2325 uxorem,

644 2348 973 2429 Callicles.

344 2482 549 2529 CALI..
606 2458 974 2545 Eumdem‚
1010 2456 1163 2553 pol,
1204 2473 1269 2527 te
1295 2456 1629 2551 judicasse
1666 2455 1936 2549 quidem
1977 2458 2168 2525 istam
2211 2482 2351 2525 rem
2387 2458 2496 2525 in-

643 2566 927 2671 tellego;

341 2680 523 2749 Nam
574 2676 757 2746 haud
809 2679 1151 2765 mansisti,
1193 2676 1357 2747 dum
1397 2704 1522 2773 ego
1562 2678 1788 2751 darem
1835 2674 2064 2763 illam,
2127 2690 2266 2745 tute
2313 2702 2496 2745 sum-

648 2787 789 2857 sisti
842 2788 1010 2874 tibi;

356 2906 361 2911 ·
432 2949 520 3006 69·
564 2946 815 3004 Obmta.
858 2946 947 3012 Sic
988 2944 1119 3007 libri
1156 2964 1171 2998 ε
1226 2944 1375 3005 docti

1544 2951 1636 3001 61.
1674 2946 1845 3017 Culpa
1877 2958 2154 3017 conpotem,
2197 2946 2232 2999 i.
2277 2966 2326 3001 e.
2369 2949 2492 3002 affi-

342 3038 623 3079 mutarunt
645 3027 705 3078 ob
732 3030 947 3091 noxiam,
962 3024 1251 3117 ingeniose
1262 3025 1377 3097 qui·
1462 3046 1606 3084 nem.
1623 3028 1814 3083 Lum-

340 3104 507 3169 dem,
554 3104 647 3158 sed
692 3124 800 3158 non
846 3124 1003 3170 vei-,e
1050 3117 1110 3157 ut
1161 3104 1377 3175 opinor.

342 3184 633 3241 obnoxius
665 3198 749 3238 est
786 3186 881 3257 qui
924 3204 979 3237 se
1008 3186 1081 3237 ob
1119 3182 1377 3237 delictum

342 3263 417 3317 de
454 3266 575 3333 jure
606 3285 709 3331 sno
733 3265 929 3337 dejecit
969 3278 1023 3320 et
1062 3264 1245 3317 alienae
1275 3265 1379 3320 fuit

340 3344 666 3397 obstrictum
698 3344 986 3398 voluntati.
1022 3341 1155 3396 ‘Vid-
1183 3344 1377 3397 Bacch.

342 3425 425 3484 V,
453 3443 505 3487 2,
527 3426 623 3487 80,
648 3436 704 3475 et
726 3424 934 3477 Poenul.
958 3425 1033 3487 V,
1054 3429 1114 3487 ά,
1144 3426 1233 3477 18.
1262 3423 1377 3475 Hoc

338 3504 471 3555 loco
492 3504 701 3555 obnoxia
726 3522 824 3573 per
848 3504 1165 3574 hypallagen
1188 3500 1377 3573 agendi

342 3581 461 3635 vim
510 3584 698 3649 lubet,
748 3596 808 3635 ut
860 3584 979 3635 fieri
1034 3594 1176 3634 emat
1232 3580 1377 3651 apud

342 3661 597 3715 Plautum
627 3676 679 3714 et
705 3663 855 3715 alios.
881 3664 945 3714 E.
978 3681 1026 3733 g.
1057 3662 1383 3715 inmemorabi-

343 3742 413 3795 lae's
452 3741 657 3795 Cistell.
697 3744 783 3806 II,
836 3762 895 3806 π,
956 3741 1023 3806 3;
1078 3740 1379 3811 inpetu-abilis

343 3823 571 3875 Mercat.
602 3823 719 3887 111,
764 3828 829 3887 4,
877 3835 982 3883 203
1029 3834 1239 3891 gratus,
1284 3821 1381 3892 qui

340 3900 573 3973 gratiam
624 3914 927 3971 comparat,
962 3902 1181 3971 Amph.
1231 3901 1378 3953 Pml.

349 3983 449 4044 48.
488 3982 637 4053 Ergo
674 3982 916 4033 audienda
948 3982 1159 4033 obnoxia
1179 4020 1194 4043 ,
1246 3981 1283 4032 i.
1324 3998 1379 4050 q.

346 4058 540 4114 andire
590 4060 767 4114 debeo
810 4062 1077 4125 obnoxie,
1127 4072 1379 4131 tunquam

345 4139 449 4195 tibi
470 4142 543 4195 ob
563 4141 819 4195 delictum
848 4140 1132 4195 obnoxius.
1164 4140 1233 4193 N.

1550 3111 1639 3159 62.
1665 3108 1895 3167 Homini,
1936 3124 2046 3159 non
2072 3105 2402 3159 Dinarchum
2425 3110 2496 3160 si-

1466 3186 1718 3256 gnificat,
1773 3184 1866 3238 sed
1927 3184 2135 3255 profert
2198 3188 2495 3255 generatim

1464 3267 1781 3327 sententiam
1799 3302 1815 3329 ‚
1842 3268 1881 3317 i.
1907 3284 1956 3315 e.
1983 3282 2052 3319 ne
2073 3264 2346 3335 cuiquam.

1548 3345 1642 3397 63.
1669 3347 1797 3396 Reus
1824 3344 2007 3395 solutus
2043 3362 2254 3398 causam.
2277 3347 2496 3400 Curtius

1464 3424 1563 3477 lib.
1587 3426 1700 3477 VI:
1737 3451 1759 3472 ι
1779 3422 1966 3475 Vincti
2005 3423 2238 3476 hominis
2269 3444 2378 3480 non
2413 3446 2498 3479 su.

1465 3522 1728 3575 pervacua
1770 3504 1977 3565 solum,
2017 3500 2110 3554 sed
2138 3502 2294 3555 etiam
2328 3505 2496 3559 invisa

1467 3583 1708 3636 defensio
1731 3594 1833 3642 est«,
1862 3600 1979 3653 quae
2005 3581 2240 3653 judicem
2259 3592 2376 3637 hon‘
2407 3584 2499 3636 do-

1468 3682 1590 3715 cere
1613 3663 1843 3727 videtur,
1873 3660 1964 3713 sed
1990 3680 2271 3733 arguere.

1553 3746 1645 3805 64.
1676 3742 1854 3806 Abire,
1897 3753 1980 3805 tu,
2020 3741 2209 3793 ancilia
2238 3760 2392 3805 mea,
2443 3755 2498 3795 et

1470 3834 1554 3887 tu,
1584 3822 1832 3875 tonstrix.
1862 3818 2086 3874 Addit«
2115 3834 2207 3873 tu.
2239 3832 2364 3877 ..et
2393 3834 2494 3895 .tu

1469 3898 1692 3953 domum
1722 3926 1744 3948 n
1765 3941 1778 3962 ‚
1807 3919 1918 3953 non
1949 3913 2167 3953 temere.
2189 3900 2325 3953 Nam
2361 3902 2498 3954 servi

1469 3981 1617 4031 abire
1639 3982 1983 4051 jubebantur,
2016 3980 2111 4051 qui
2151 3981 2496 4051 manumitte?

1469 4061 1685 4112 bantur.
1715 4060 1914 4131 Amph.
1949 4061 2026 4123 11,
2053 4080 2079 4111 a
2103 4100 2118 4125 ,
2148 4078 2283 4130 227.
2307 4060 2375 4112 Ν.

1553 4142 1644 4208 69.
1671 4140 1929 4204 Hausisti,
1955 4140 2334 4211 exspectavisti.
