3067 5017
809 438 1148 507 ACTus
1199 440 1356 525 IV,
1405 438 1738 510 scENA
1790 438 1965 507 vn.
2322 434 2485 535 185·

325 563 416 631 Ut
447 558 646 629 sciam
685 558 848 654 quid
885 560 982 629 rei
1021 561 1181 648 siet3
1219 586 1306 629 ne
1346 560 1482 629 illic
1517 562 1721 631 homo
1757 586 1864 631 me
1902 558 2306 631 ludificetur.

323 674 546 766 Neque
577 670 952 764 quidquam
972 671 1051 740 'st
1089 671 1360 759 melius,
1397 697 1604 765 quam
1646 688 1720 741 ut
1763 672 1891 741 hoc
1924 668 2217 766 pultem,
2250 686 2452 766 atque

599 779 892 873 aliquem

319 894 597 959 Evocem
643 890 778 958 huc
821 891 1024 961 intus.
1085 894 1275 961 Leno
1317 906 1676 987 argentum
1727 892 1857 962 hoc
1900 891 2053 963 volo
2093 918 2135 962 a
2170 915 2278 964 me
2324 892 2451 961 ad-

601 1002 848 1094 cipiat,
2404 1034 2455 1062 ,ο

318 1112 528 1203 Atque
561 1111 824 1179 amittat
871 1108 1219 1179 mulierem
1262 1136 1526 1181 mecum
1570 1109 1789 1181 simul.

317 1244 506 1291 BALL.
551 1224 733 1289 Heus
779 1221 902 1289 tu?
939 1246 1088 1291 sum
1133 1222 1316 1313 Quid
1360 1223 1503 1292 vis?
1540 1247 1739 1292 BALL.
1776 1222 1904 1291 Hic
1941 1221 2145 1303 homo
2184 1221 2445 1291 meu’st.

599 1355 743 1401 slM.
784 1330 1137 1419 Quidum?
1171 1333 1604 1422 BALLmQuia

313 1440 534 1510 Praeda
569 1441 708 1509 haec
745 1440 983 1511 mea'st
1018 1469 1033 1511 :
1069 1458 1366 1512 scortum
1398 1440 1669 1535 q'uaerit,
1712 1442 1910 1511 habet
1948 1456 2327 1537 argentum.

314 1554 454 1619 Jam
497 1550 900 1621 admordere
945 1552 1128 1622 hunc
1168 1554 1334 1621 mihi
1380 1553 1587 1623 lubet.

312 1686 446 1730 sm.
477 1665 712 1730 Jamne
740 1659 931 1730 illum
966 1688 1352 1732 comesurus
1387 1664 1732 1734 esban.
1770 1664 1955 1731 Dum
1981 1684 2209 1731 recens
2236 1674 2365 1748 est,
2398 1680 2447 1720 2⁵

309 1772 487 1840 Dum
528 1772 751 1859 datur,
789 1772 952 1841 dum
999 1772 1208 1861 calet,
1247 1774 1551 1843 devorari
1590 1774 1778 1843 decet
1815 1799 1831 1841 t
1868 1798 2025 1843 nam

308 1883 473 1951 Boni
511 1884 641 1953 viri
684 1908 793 1951 me
833 1899 1236 1977 pauperant,
1275 1885 1545 1979 inprobi
1584 1884 1806 1973 alunt,

309 1995 576 2088 Augent
613 2019 754 2062 rem
797 2020 1011 2063 meam
1056 1994 1267 2082 mali3
1309 1994 1547 2090 populi
1592 1995 1848 2064 strenui

306 2106 576 2193 Damno
606 2104 812 2191 mihi,
851 2105 1119 2199 inprobi
1160 2106 1310 2173 usui
1347 2122 1523 2175 sunt.
1563 2130 1705 2177 sm.
1754 2104 2055 2191 Malum,

307 2212 504 2302 Quod
549 2213 672 2281 tibi
714 2212 817 2281 dei
857 2214 1162 2302 dabunt,
1209 2216 1323 2310 qui
1368 2216 1463 2285 sic
1496 2212 1844 2285 scelestus!
2392 2234 2447 2273 ³⁰

307 2342 525 2391 HARP.
563 2326 677 2392 Me
713 2348 900 2391 nunc
931 2349 1314 2413 conmoror,
1345 2350 1551 2419 quom
1591 2328 1711 2395 has
1748 2325 1952 2395 foreis
1992 2350 2131 2393 non
2180 2324 2376 2412 ferie,

309 2436 403 2501 Ut
446 2433 650 2501 sciam
688 2434 868 2502 'sitne
909 2433 1125 2503 Ballio
1163 2435 1367 2504 domi.
1413 2460 1613 2507 ΒΑΜ..
1650 2439 1881 2505 Venus
1924 2435 2091 2503 mihi
2135 2436 2273 2504 haec

303 2546 484 2611 Bona
524 2544 672 2631 dat,
716 2570 922 2638 quom
966 2546 1090 2637 hos
1125 2547 1258 2615 huc
1293 2546 1506 2643 adigit
1545 2544 1909 2641 lucrifugas
1937 2599 1957 2630 ‚
1999 2544 2228 2614 damni

305 2654 638 2747 Cupidos,
677 2656 795 2747 qui
834 2681 904 2723 se
939 2681 1261 2751 suamque
1297 2657 1767 2725 aetatem-bene
1802 2670 2089 2742 curant3

302 2764 562 2850 Edunt,
588 2765 832 2834 bibunt
852 2819 871 2853 ,
900 2782 1278 2836 scortantur
1303 2794 1318 2837 ε
1348 2767 1444 2836 illi
1474 2781 1630 2837 sunt
1654 2766 1787 2835 alio
1820 2766 2090 2861 ingenio
2118 2779 2318 2858 atque
2344 2780 2439 2852 tu,

385 2998 646 3051 nodutus.
673 2998 870 3069 Amph.
895 3000 977 3064 11,
1005 3021 1064 3064 α,
1093 2998 1222 3053 138.
1413 3018 1480 3055 ne
1509 2999 1718 3053 literam
1752 2997 1971 3071 quidem
2012 3017 2025 3051 ε
2081 3023 2103 3047 α
2133 2998 2291 3051 Bono
2329 2998 2433 3049 viri

383 3095 477 3129 21.
502 3078 750 3143 Amittat,
779 3079 1014 3144 emittat,
1044 3078 1292 3133 dimittat.
1411 3099 1499 3132 me
1525 3092 1845 3150 pauperant‚
1867 3079 2103 3148 improbi
2124 3078 2301 3141 alunt,
2321 3080 2431 3129 Au·-

385 3160 476 3210 26.
503 3158 636 3209 Dum
660 3159 826 3222 datur,
851 3177 962 3211 sese
990 3160 1170 3211 offert.
1287 3174 1292 3179 “
1407 3173 1532 3231 gent
1556 3179 1668 3212 rem
1692 3178 1863 3212 meam
1887 3176 1901 3211 ε
1926 3158 2067 3210 malo
2089 3158 2276 3229 populi
2294 3170 2433 3210 stre-

385 3240 474 3291 28.
508 3238 704 3308 Populi,
727 3239 886 3291 Nunc
907 3238 962 3289 in
995 3253 1176 3292 mente
1205 3258 1318 3291 non
1407 3240 1502 3291 nui
1556 3240 1723 3304 mihi,
1770 3239 2005 3310 improbi
2056 3240 2175 3291 usui
2229 3249 2352 3289 sunt
2377 3262 2426 3291 a.

299 3316 572 3382 nationes,
619 3316 711 3374 sed
752 3318 996 3371 homines
1030 3319 1318 3372 habet-Ut
1407 3320 1563 3374 Potes
1616 3331 1671 3373 et
1720 3318 1905 3371 eadem
1956 3317 2428 3386 interpunctione:

302 3393 530 3448 dicimus
553 3397 766 3467 gallice,
789 3416 842 3448 ce
874 3399 1144 3463 monde-lb,
1182 3399 1318 3453 Ger·
1409 3422 1431 3443 c
1454 3400 1583 3451 mali
1623 3400 1811 3469 populi
1856 3399 2057 3451 strenui
2086 3416 2136 3449 ις
2180 3396 2433 3459 strenui,

301 3477 444 3528 mani
465 3478 604 3530 leuce.
627 3506 707 3517 —
733 3476 951 3538 Str-enai,
995 3478 1033 3531 i.
1059 3498 1106 3530 e.
1129 3479 1315 3548 gnavi,
1403 3480 1614 3549 inquit,
1655 3480 1787 3531 mihi
1814 3491 1939 3531 sunt
1964 3477 2121 3539 mali,
2167 3476 2203 3529 i.
2232 3494 2279 3528 e.
2310 3475 2431 3527 inu-

300 3556 379 3608 rei
407 3556 544 3608 bene
573 3555 820 3627 gerendae
843 3557 1082 3611 studiosi.
1115 3560 1184 3613 N.
1403 3560 1521 3612 tiles
1551 3570 1605 3611 et
1643 3578 1753 3623 non
1790 3558 1920 3610 boni
1957 3578 1969 3609 z
2020 3557 2256 3627 improbi
2295 3556 2428 3608 mihi

385 3654 478 3703 29.
505 3636 700 3687 Damno
729 3638 862 3691 mihi.
886 3640 954 3691 Τὸ
985 3638 1162 3689 damno
1187 3656 1316 3707 sup·
1403 3650 1532 3693 sunt
1564 3636 1701 3691 usui.
1731 3638 1917 3691 (ΞΗΟΠ.

300 3715 633 3784 plementum
669 3728 749 3769 est
775 3717 1084 3770 Cameren-ii.
1121 3718 1318 3772 Grute-
1489 3718 1581 3781 3⁶4.
1618 3719 1871 3783 dilatem,
1906 3718 1943 3770 i.
1978 3736 2033 3787 q.
2072 3715 2254 3770 vitain.
2286 3715 2431 3769 Bene

298 3814 389 3847 rus
435 3814 538 3865 pro
573 3795 764 3849 eodem
804 3798 929 3850 facit
971 3801 1145 3851 iamai.
1177 3800 1321 3851 Neu·
1407 3818 1591 3853 curare
1617 3799 1777 3850 vitam
1805 3810 1881 3849 est
1904 3795 2045 3847 idem
2068 3794 2213 3864 quod
2242 3793 2431 3850 dicunt

299 3886 442 3927 trum
471 3876 528 3927 in
556 3875 766 3946 scriptis
791 3878 914 3929 ullis
939 3894 1032 3931 aut
1057 3879 1212 3931 editis
1233 3898 1322 3931 an·
1407 3880 1590 3933 vivere
1628 3876 1889 3948 peculiari
1926 3893 2107 3938 sensu,
2152 3874 2285 3927 sicut
2331 3876 2434 3929 Ca·
2496 3897 2507 3904 ·

298 3952 458 4024 tiquis
497 3970 836 4025 repererunt.
877 3957 1038 4011 Acad.
1083 3984 1106 4005 ε
1131 3958 1323 4029 populi
1411 3960 1614 4013 tullus:
1652 3958 1972 4018 «vivamus,
2014 3973 2127 4007 mea
2166 3954 2357 4007 Lesbia
2382 3981 2431 4009 n.
2482 4026 2489 4037 ι

301 4035 499 4086 strenui
527 4035 663 4087 mihi
692 4035 926 4106 improbi
965 4040 1085 4091 usui
1123 4052 1246 4091 sunt
1272 4064 1322 4089 a.
1411 4040 1480 4091 Et
1511 4040 1695 4091 Horat.
1717 4036 1887 4107 Epist.
1916 4035 1973 4101 I,
2016 4042 2048 4099 4
2075 4053 2089 4087 :
2131 4060 2153 4080 ι
2182 4035 2274 4087 Me
2313 4035 2435 4105 pin·

301 4112 410 4166 Nos
431 4112 830 4167 distinctionem
853 4116 1016 4169 modo
1041 4130 1092 4171 et
1115 4118 1324 4171 literam
1413 4137 1572 4189 guem
1608 4130 1663 4171 et
1704 4114 1943 4169 nitidum
1978 4114 2037 4169 in
2074 4116 2215 4169 bene
2241 4128 2439 4186 §curata

303 4205 572 4247 mutamus
594 4213 756 4247 unam
779 4215 792 4249 :
823 4196 932 4251 imo
960 4198 1003 4250 si
1029 4217 1188 4269 grave
1219 4210 1326 4263 est,
1417 4209 1539 4251 cute
1563 4198 1701 4250 vises
1721 4222 1769 4250 ι.
1796 4196 1863 4248 Ν.
