<?xml version="1.0" encoding="UTF-8"?>
<!DOCTYPE html PUBLIC "-//W3C//DTD XHTML 1.0 Transitional//EN"
    "http://www.w3.org/TR/xhtml1/DTD/xhtml1-transitional.dtd">
<html xmlns="http://www.w3.org/1999/xhtml" xml:lang="en" lang="en">
 <head>
  <title>
</title>
<meta http-equiv="Content-Type" content="text/html;charset=utf-8" />
  <meta name='ocr-system' content='tesseract 3.04.00' />
  <meta name='ocr-capabilities' content='ocr_page ocr_carea ocr_par ocr_line ocrx_word'/>
</head>
<body>
  <div class='ocr_page' id='page_1' title='image "./macciiplauticom00naudgoog_0307.png"; bbox 0 0 3067 5017; ppageno 0'>
   <div class='ocr_carea' id='block_1_1' title="bbox 928 473 2536 609">
    <p class='ocr_par' dir='ltr' id='par_1_1' title="bbox 928 473 2536 609">
     <span class='ocr_line' id='line_1_1' title="bbox 928 473 2536 609; baseline -0.002 -23"><span class='ocrx_word' id='word_1_1' title='bbox 928 516 1270 586; x_wconf 79' lang='lat' dir='ltr'><strong>AcTUs</strong></span> <span class='ocrx_word' id='word_1_2' title='bbox 1320 515 1408 603; x_wconf 87' lang='lat' dir='ltr'><strong>V,</strong></span> <span class='ocrx_word' id='word_1_3' title='bbox 1457 516 1787 588; x_wconf 79' lang='lat' dir='ltr'><strong>scENA</strong></span> <span class='ocrx_word' id='word_1_4' title='bbox 1836 516 1986 586; x_wconf 90' lang='lat'>111.</span> <span class='ocrx_word' id='word_1_5' title='bbox 2056 473 2071 486; x_wconf 79' lang='grc'><strong><em>’</em></strong></span> <span class='ocrx_word' id='word_1_6' title='bbox 2396 535 2536 609; x_wconf 82' lang='lat'><strong>297</strong></span> 
     </span>
    </p>
   </div>
   <div class='ocr_carea' id='block_1_2' title="bbox 395 634 2538 1070">
    <p class='ocr_par' dir='ltr' id='par_1_2' title="bbox 395 634 2538 1070">
     <span class='ocr_line' id='line_1_2' title="bbox 395 634 2341 712; baseline -0.002 -3"><span class='ocrx_word' id='word_1_7' title='bbox 395 637 567 712; x_wconf 86' lang='lat' dir='ltr'><strong>Nive</strong></span> <span class='ocrx_word' id='word_1_8' title='bbox 601 635 768 707; x_wconf 86' lang='lat' dir='ltr'><strong>adeo</strong></span> <span class='ocrx_word' id='word_1_9' title='bbox 801 651 1072 706; x_wconf 82' lang='lat' dir='ltr'><strong>vocatos</strong></span> <span class='ocrx_word' id='word_1_10' title='bbox 1105 636 1372 706; x_wconf 79' lang='lat' dir='ltr'><strong>credam</strong></span> <span class='ocrx_word' id='word_1_11' title='bbox 1400 662 1519 706; x_wconf 86' lang='lat' dir='ltr'><strong>vos</strong></span> <span class='ocrx_word' id='word_1_12' title='bbox 1555 663 1696 707; x_wconf 90' lang='lat' dir='ltr'><strong>esse</strong></span> <span class='ocrx_word' id='word_1_13' title='bbox 1730 637 1817 707; x_wconf 83' lang='lat' dir='ltr'><strong>ad</strong></span> <span class='ocrx_word' id='word_1_14' title='bbox 1844 661 2103 706; x_wconf 85' lang='lat' dir='ltr'><strong>coenam</strong></span> <span class='ocrx_word' id='word_1_15' title='bbox 2141 634 2341 706; x_wconf 80' lang='lat' dir='ltr'><strong>foras.</strong></span> 
     </span>
     <span class='ocr_line' id='line_1_3' title="bbox 397 745 2534 841; baseline -0.002 -23"><span class='ocrx_word' id='word_1_16' title='bbox 397 752 650 818; x_wconf 85' lang='lat' dir='ltr'><strong>Verum</strong></span> <span class='ocrx_word' id='word_1_17' title='bbox 673 801 693 834; x_wconf 90' lang='lat'>,</span> <span class='ocrx_word' id='word_1_18' title='bbox 729 747 785 815; x_wconf 88' lang='lat' dir='ltr'><strong>si</strong></span> <span class='ocrx_word' id='word_1_19' title='bbox 830 745 1061 816; x_wconf 87' lang='lat' dir='ltr'><strong>voletis</strong></span> <span class='ocrx_word' id='word_1_20' title='bbox 1103 746 1414 841; x_wconf 83' lang='lat' dir='ltr'><strong>plausum</strong></span> <span class='ocrx_word' id='word_1_21' title='bbox 1441 745 1685 816; x_wconf 84' lang='lat' dir='ltr'><strong>fabulae</strong></span> <span class='ocrx_word' id='word_1_22' title='bbox 1714 748 1871 817; x_wconf 90' lang='lat' dir='ltr'><strong>huic</strong></span> <span class='ocrx_word' id='word_1_23' title='bbox 1900 746 2155 816; x_wconf 85' lang='lat' dir='ltr'><strong>clarum</strong></span> <span class='ocrx_word' id='word_1_24' title='bbox 2188 745 2379 830; x_wconf 84' lang='lat' dir='ltr'><strong>dare,</strong></span> <span class='ocrx_word' id='word_1_25' title='bbox 2481 765 2534 806; x_wconf 75' lang='lat'><strong>⁶⁵</strong></span> 
     </span>
     <span class='ocr_line' id='line_1_4' title="bbox 397 856 2412 928; baseline -0.001 -1"><span class='ocrx_word' id='word_1_26' title='bbox 397 858 809 927; x_wconf 80' lang='lat' dir='ltr'><strong>Comisatum</strong></span> <span class='ocrx_word' id='word_1_27' title='bbox 844 858 1100 926; x_wconf 85' lang='lat' dir='ltr'>omneis</span> <span class='ocrx_word' id='word_1_28' title='bbox 1128 859 1426 927; x_wconf 85' lang='lat' dir='ltr'><strong>venitote</strong></span> <span class='ocrx_word' id='word_1_29' title='bbox 1465 858 1549 927; x_wconf 88' lang='lat' dir='ltr'><strong>ad</strong></span> <span class='ocrx_word' id='word_1_30' title='bbox 1593 884 1702 928; x_wconf 87' lang='lat' dir='ltr'><strong>me</strong></span> <span class='ocrx_word' id='word_1_31' title='bbox 1739 858 1824 927; x_wconf 85' lang='lat' dir='ltr'><strong>ad</strong></span> <span class='ocrx_word' id='word_1_32' title='bbox 1860 883 2073 928; x_wconf 84' lang='lat' dir='ltr'><strong>annos</strong></span> <span class='ocrx_word' id='word_1_33' title='bbox 2106 856 2412 926; x_wconf 87' lang='lat' dir='ltr'><strong>sedecim.</strong></span> 
     </span>
     <span class='ocr_line' id='line_1_5' title="bbox 397 965 2538 1070; baseline -0.002 -31"><span class='ocrx_word' id='word_1_34' title='bbox 397 973 542 1040; x_wconf 92' lang='lat' dir='ltr'><strong>Vos</strong></span> <span class='ocrx_word' id='word_1_35' title='bbox 577 967 727 1036; x_wconf 87' lang='lat' dir='ltr'><strong>heic</strong></span> <span class='ocrx_word' id='word_1_36' title='bbox 772 966 972 1035; x_wconf 88' lang='lat' dir='ltr'><strong>hodie</strong></span> <span class='ocrx_word' id='word_1_37' title='bbox 1017 983 1349 1038; x_wconf 85' lang='lat' dir='ltr'><strong>coenatote</strong></span> <span class='ocrx_word' id='word_1_38' title='bbox 1391 969 1621 1040; x_wconf 57' lang='lat' dir='ltr'><strong>ambo«</strong></span> <span class='ocrx_word' id='word_1_39' title='bbox 1655 993 1857 1070; x_wconf 54' lang='lat' dir='ltr'><strong>uum.</strong></span> <span class='ocrx_word' id='word_1_40' title='bbox 1900 969 2069 1039; x_wconf 82' lang='lat' dir='ltr'><strong>Fiat.</strong></span> <span class='ocrx_word' id='word_1_41' title='bbox 2112 990 2305 1038; x_wconf 76' lang='lat' dir='ltr'><strong>DAEM.</strong></span> <span class='ocrx_word' id='word_1_42' title='bbox 2341 965 2538 1036; x_wconf 85' lang='lat' dir='ltr'><strong>Plau-</strong></span> 
     </span>
    </p>
   </div>
   <div class='ocr_carea' id='block_1_3' title="bbox 393 1076 2643 1720">
    <p class='ocr_par' dir='ltr' id='par_1_3' title="bbox 393 1076 2643 1720">
     <span class='ocr_line' id='line_1_6' title="bbox 687 1076 1041 1147; baseline 0.006 -2"><span class='ocrx_word' id='word_1_43' title='bbox 687 1102 834 1146; x_wconf 89' lang='lat' dir='ltr'><strong>sum</strong></span> <span class='ocrx_word' id='word_1_44' title='bbox 867 1076 1041 1147; x_wconf 85' lang='lat' dir='ltr'><strong>date.</strong></span> 
     </span>
     <span class='ocr_line' id='line_1_7' title="bbox 393 1247 2643 1322; baseline -0.001 -20"><span class='ocrx_word' id='word_1_45' title='bbox 393 1261 505 1302; x_wconf 76' lang='lat' dir='ltr'><strong>tam</strong></span> <span class='ocrx_word' id='word_1_46' title='bbox 523 1247 666 1301; x_wconf 75' lang='lat' dir='ltr'><strong>laute</strong></span> <span class='ocrx_word' id='word_1_47' title='bbox 695 1260 945 1319; x_wconf 74' lang='lat' dir='ltr'><strong>apparata</strong></span> <span class='ocrx_word' id='word_1_48' title='bbox 962 1286 978 1314; x_wconf 90' lang='lat'>,</span> <span class='ocrx_word' id='word_1_49' title='bbox 1005 1266 1167 1320; x_wconf 73' lang='lat' dir='ltr'><strong>quam</strong></span> <span class='ocrx_word' id='word_1_50' title='bbox 1191 1267 1304 1302; x_wconf 70' lang='lat' dir='ltr'><strong>esse</strong></span> <span class='ocrx_word' id='word_1_51' title='bbox 1335 1268 1421 1303; x_wconf 78' lang='lat' dir='ltr'><strong>so·</strong></span> <span class='ocrx_word' id='word_1_52' title='bbox 1503 1250 1805 1322; x_wconf 81' lang='lat' dir='ltr'><strong>polluctum</strong></span> <span class='ocrx_word' id='word_1_53' title='bbox 1836 1267 1997 1303; x_wconf 86' lang='lat' dir='ltr'><strong>omne</strong></span> <span class='ocrx_word' id='word_1_54' title='bbox 2024 1248 2085 1303; x_wconf 85' lang='lat' dir='ltr'><strong>in</strong></span> <span class='ocrx_word' id='word_1_55' title='bbox 2106 1249 2232 1304; x_wconf 79' lang='lat' dir='ltr'><strong>fano</strong></span> <span class='ocrx_word' id='word_1_56' title='bbox 2254 1265 2534 1302; x_wconf 78' lang='lat' dir='ltr'><strong>consume·</strong></span> <span class='ocrx_word' id='word_1_57' title='bbox 2632 1268 2643 1278; x_wconf 75' lang='grc'><em>’</em></span> 
     </span>
     <span class='ocr_line' id='line_1_8' title="bbox 393 1327 2529 1401; baseline -0 -21"><span class='ocrx_word' id='word_1_58' title='bbox 393 1327 472 1381; x_wconf 69' lang='lat' dir='ltr'><strong>let</strong></span> <span class='ocrx_word' id='word_1_59' title='bbox 498 1346 684 1380; x_wconf 86' lang='lat' dir='ltr'><strong>eorum</strong></span> <span class='ocrx_word' id='word_1_60' title='bbox 705 1367 720 1392; x_wconf 85' lang='lat'>‚</span> <span class='ocrx_word' id='word_1_61' title='bbox 757 1327 852 1400; x_wconf 84' lang='lat' dir='ltr'><strong>qui</strong></span> <span class='ocrx_word' id='word_1_62' title='bbox 877 1332 1090 1380; x_wconf 79' lang='lat' dir='ltr'><strong>votivum</strong></span> <span class='ocrx_word' id='word_1_63' title='bbox 1119 1329 1308 1398; x_wconf 82' lang='lat' dir='ltr'><strong>epulum</strong></span> <span class='ocrx_word' id='word_1_64' title='bbox 1342 1329 1420 1381; x_wconf 81' lang='lat' dir='ltr'><strong>fa·</strong></span> <span class='ocrx_word' id='word_1_65' title='bbox 1503 1331 1685 1384; x_wconf 78' lang='lat' dir='ltr'><strong>batur.</strong></span> <span class='ocrx_word' id='word_1_66' title='bbox 1708 1330 1889 1383; x_wconf 71' lang='grc' dir='ltr'><strong>δῦτε.</strong></span> <span class='ocrx_word' id='word_1_67' title='bbox 1913 1361 1993 1372; x_wconf 93' lang='grc'>-</span> <span class='ocrx_word' id='word_1_68' title='bbox 2020 1329 2129 1394; x_wconf 82' lang='lat' dir='ltr'><strong>Qui</strong></span> <span class='ocrx_word' id='word_1_69' title='bbox 2155 1329 2529 1401; x_wconf 83' lang='lat' dir='ltr'><strong>pollneebant,</strong></span> 
     </span>
     <span class='ocr_line' id='line_1_9' title="bbox 394 1407 2528 1482; baseline -0 -23"><span class='ocrx_word' id='word_1_70' title='bbox 394 1407 563 1473; x_wconf 84' lang='lat' dir='ltr'><strong>ciunt,</strong></span> <span class='ocrx_word' id='word_1_71' title='bbox 581 1425 676 1460; x_wconf 76' lang='lat' dir='ltr'><strong>vos</strong></span> <span class='ocrx_word' id='word_1_72' title='bbox 696 1425 957 1460; x_wconf 84' lang='lat' dir='ltr'><strong>vocarem.</strong></span> <span class='ocrx_word' id='word_1_73' title='bbox 973 1407 1117 1462; x_wconf 85' lang='lat' dir='ltr'><strong>Vide</strong></span> <span class='ocrx_word' id='word_1_74' title='bbox 1144 1407 1314 1461; x_wconf 85' lang='lat' dir='ltr'><strong>Stich.</strong></span> <span class='ocrx_word' id='word_1_75' title='bbox 1341 1408 1416 1474; x_wconf 89' lang='grc' dir='ltr'><strong>ΙΙ,</strong></span> <span class='ocrx_word' id='word_1_76' title='bbox 1511 1410 1799 1482; x_wconf 81' lang='lat' dir='ltr'><strong>opiparum</strong></span> <span class='ocrx_word' id='word_1_77' title='bbox 1874 1410 2094 1481; x_wconf 88' lang='lat' dir='ltr'><strong>epulum</strong></span> <span class='ocrx_word' id='word_1_78' title='bbox 2169 1407 2528 1478; x_wconf 76' lang='lat' dir='ltr'><strong>celebrabant.</strong></span> 
     </span>
     <span class='ocr_line' id='line_1_10' title="bbox 401 1486 2531 1562; baseline -0.001 -22"><span class='ocrx_word' id='word_1_79' title='bbox 401 1505 454 1540; x_wconf 86' lang='lat'><strong>1.</strong></span> <span class='ocrx_word' id='word_1_80' title='bbox 475 1486 632 1540; x_wconf 74' lang='lat' dir='ltr'><strong>Seu..</strong></span> <span class='ocrx_word' id='word_1_81' title='bbox 669 1519 750 1530; x_wconf 94' lang='lat'><strong>--</strong></span> <span class='ocrx_word' id='word_1_82' title='bbox 776 1488 988 1540; x_wconf 82' lang='lat' dir='ltr'><strong>Vereor</strong></span> <span class='ocrx_word' id='word_1_83' title='bbox 1014 1507 1084 1540; x_wconf 86' lang='lat' dir='ltr'><strong>ne</strong></span> <span class='ocrx_word' id='word_1_84' title='bbox 1110 1486 1202 1542; x_wconf 84' lang='lat' dir='ltr'><strong>hic</strong></span> <span class='ocrx_word' id='word_1_85' title='bbox 1239 1489 1418 1559; x_wconf 83' lang='lat' dir='ltr'><strong>lapsus</strong></span> <span class='ocrx_word' id='word_1_86' title='bbox 1507 1489 1673 1543; x_wconf 85' lang='lat' dir='ltr'><strong>Unde</strong></span> <span class='ocrx_word' id='word_1_87' title='bbox 1714 1488 1979 1562; x_wconf 85' lang='lat' dir='ltr'><strong>quidquid</strong></span> <span class='ocrx_word' id='word_1_88' title='bbox 2016 1490 2220 1542; x_wconf 68' lang='lat' dir='ltr'><strong>lautum</strong></span> <span class='ocrx_word' id='word_1_89' title='bbox 2266 1500 2321 1540; x_wconf 86' lang='lat' dir='ltr'><strong>et</strong></span> <span class='ocrx_word' id='word_1_90' title='bbox 2356 1487 2531 1538; x_wconf 83' lang='lat' dir='ltr'><strong>abun-</strong></span> 
     </span>
     <span class='ocr_line' id='line_1_11' title="bbox 393 1566 2030 1640; baseline 0.003 -23"><span class='ocrx_word' id='word_1_91' title='bbox 393 1566 486 1630; x_wconf 61' lang='grc' dir='ltr'><strong>εἰη</strong></span> <span class='ocrx_word' id='word_1_92' title='bbox 519 1578 658 1620; x_wconf 78' lang='lat' dir='ltr'><strong>cette</strong></span> <span class='ocrx_word' id='word_1_93' title='bbox 701 1566 1000 1639; x_wconf 80' lang='lat' dir='ltr'><strong>improprie</strong></span> <span class='ocrx_word' id='word_1_94' title='bbox 1043 1567 1300 1639; x_wconf 86' lang='lat' dir='ltr'><strong>loquutus</strong></span> <span class='ocrx_word' id='word_1_95' title='bbox 1340 1580 1419 1622; x_wconf 85' lang='lat' dir='ltr'><strong>est</strong></span> <span class='ocrx_word' id='word_1_96' title='bbox 1505 1569 1673 1635; x_wconf 77' lang='lat' dir='ltr'><strong>dans,</strong></span> <span class='ocrx_word' id='word_1_97' title='bbox 1706 1570 2030 1640; x_wconf 80' lang='lat' dir='ltr'><strong>pollucibile.</strong></span> 
     </span>
     <span class='ocr_line' id='line_1_12' title="bbox 396 1643 2532 1720; baseline 0 -22"><span class='ocrx_word' id='word_1_98' title='bbox 396 1645 640 1713; x_wconf 73' lang='lat' dir='ltr'><strong>Plautus,</strong></span> <span class='ocrx_word' id='word_1_99' title='bbox 675 1665 846 1718; x_wconf 81' lang='lat' dir='ltr'><strong>exque</strong></span> <span class='ocrx_word' id='word_1_100' title='bbox 879 1665 983 1700; x_wconf 74' lang='lat' dir='ltr'><strong>usu</strong></span> <span class='ocrx_word' id='word_1_101' title='bbox 1021 1648 1214 1702; x_wconf 82' lang='lat' dir='ltr'><strong>theatri</strong></span> <span class='ocrx_word' id='word_1_102' title='bbox 1241 1667 1256 1700; x_wconf 72' lang='grc' dir='ltr'><em>ε</em></span> <span class='ocrx_word' id='word_1_103' title='bbox 1289 1667 1415 1702; x_wconf 78' lang='lat' dir='ltr'><strong>nam</strong></span> <span class='ocrx_word' id='word_1_104' title='bbox 1588 1653 1684 1704; x_wconf 85' lang='lat'><strong>66.</strong></span> <span class='ocrx_word' id='word_1_105' title='bbox 1702 1645 1979 1712; x_wconf 70' lang='lat' dir='ltr'><em>Addam,</em></span> <span class='ocrx_word' id='word_1_106' title='bbox 2002 1658 2123 1720; x_wconf 74' lang='lat' dir='ltr'><strong>post</strong></span> <span class='ocrx_word' id='word_1_107' title='bbox 2140 1665 2307 1702; x_wconf 78' lang='lat' dir='ltr'><strong>annos</strong></span> <span class='ocrx_word' id='word_1_108' title='bbox 2318 1643 2532 1699; x_wconf 78' lang='lat' dir='ltr'><strong>abhinc.</strong></span> 
     </span>
    </p>
   </div>
  </div>
 </body>
</html>
