3067 5017
876 440 1218 511 ACTUs
1269 441 1439 527 111,
1488 442 1825 513 scENA
1873 446 1928 512 1.
2366 444 2477 531 -43

329 564 462 636 Sed
479 578 707 633 tamen
725 547 1364 658 quomodocunque,
1382 589 1797 658 quamquam
1818 589 2047 635 sumus
2068 566 2485 661 pauperculi,

327 679 448 747 Est
473 674 681 761 domi,
711 673 891 766 quod
919 673 1180 743 edimus
1212 701 1226 742 :
1255 699 1342 744 ne
1375 700 1500 745 nos
1535 689 1673 745 tam
1702 676 2090 747 contemtim
2118 690 2444 749 conteras.

328 786 693 883 Quidquid
727 800 826 854 est
868 783 1315 880 pauxillulum
1358 785 1520 856 illuc
1552 801 1860 857 nostrum
1883 839 1902 875 ‚
1941 786 2109 859 illud
2144 814 2345 857 omne
2389 789 2482 856 in-

627 912 736 967 tus
780 910 881 966 est
915 922 934 965 ε
2428 920 2478 961 35

325 1009 569 1102 Neque
603 1032 729 1075 nos
765 1016 1172 1100 quemquam
1211 1005 1635 1101 flagitamus,
1693 1032 1911 1103 neque
1954 1033 2077 1079 nos
2124 1010 2479 1105 quisquam

624 1116 903 1209 flagitat.

326 1230 476 1297 Tua
511 1251 711 1299 causa
747 1250 946 1295 nemo
983 1237 1370 1296 'nostrorum
1411 1240 1508 1295 est
1548 1251 1705 1295 suos
1741 1237 2063 1321 rupturus
2101 1230 2399 1299 ramices,

328 1359 546 1407 Aeon.
589 1336 808 1408 Nimis
843 1338 1150 1407 iracundi
1187 1337 1342 1406 estis
1381 1363 1398 1405 :
1437 1337 1749 1429 equidem
1786 1338 1927 1405 haec
1962 1339 2154 1407 vobis
2188 1340 2325 1407 dixi
2360 1366 2484 1435 per

619 1469 874 1538 Jocu'm.

330 1580 497 1627 Anv.
532 1560 669 1628 Per
696 1558 930 1650 jocum
969 1556 1197 1625 itidem
1239 1556 1494 1625 dictum
1538 1556 1783 1625 habeto
1807 1611 1826 1645 ‚
1859 1582 2007 1651 quae
2050 1583 2173 1626 nos
2214 1560 2337 1626 tibi
2382 1585 2480 1629 re-

633 1666 1044 1760 spondimus,

333 1800 552 1847 AGOR.
592 1776 926 1859 Obsecro,
987 1774 1243 1861 hercle,
1289 1801 1565 1870 operam
1605 1774 1891 1845 celocem
1930 1777 2108 1847 hanc
2152 1780 2353 1865 mihi,
2402 1806 2489 1848 ne

628 1884 954 1955 corbitam
997 1884 1148 1953 date
1183 1910 1200 1951 ε
2432 1914 2485 1957 40

331 1996 775 2089 Adtrepidate
813 1994 1083 2077 saltem,
1124 2021 1282 2064 nam
1308 2020 1427 2063 vos
1460 1994 1909 2088 adproperare
1949 1998 2131 2066 haud
2164 2000 2454 2093 postulo,

331 2130 500 2176 Amr.
521 2109 596 2177 Si
618 2105 780 2199 quid
798 2121 871 2175 tu
894 2104 1156 2199 placide
1176 2106 1518 2198 otioseque
1535 2111 1733 2199 agere
1752 2109 1849 2177 vis
1872 2162 1892 2193 ‚
1921 2134 2194 2203 operam
2218 2113 2484 2186 damus:

333 2218 402 2287 Si
439 2241 801 2312 properaS‚
835 2241 1141 2285 cursores
1179 2214 1466 2285 meliu’st
1496 2230 1562 2283 te
1597 2216 1956 2286 advocatos
1985 2218 2247 2309 ducere.

335 2352 556 2400 aeon.
597 2327 825 2416 Scitis,
867 2353 1008 2395 rem
1044 2328 1308 2395 narravi
1345 2326 1567 2425 vobiS‚
1608 2328 1791 2419 quod
1828 2344 2049 2399 vostra
2083 2356 2288 2424 opera
2318 2334 2487 2402 mihi

627 2444 800 2531 opus
838 2438 998 2520 siet,

331 2550 437 2616 De
471 2545 716 2616 lenone
747 2548 918 2639 hoc,
955 2547 1071 2639 qui
1107 2571 1214 2614 me
1249 2561 1586 2614 amantem
1626 2544 2015 2617 ludificatur
2052 2567 2188 2619 tam
2228 2552 2381 2638 diu,
2436 2578 2488 2625 45

334 2659 414 2728 Ei
454 2671 706 2753 paratae
744 2672 820 2724 ut
861 2657 994 2725 sint
1031 2656 1288 2725 insidiae
1325 2655 1408 2723 de
1447 2672 1713 2762 auro-et
1758 2657 1839 2725 de
1877 2684 2067 2727 servo
2096 2688 2267 2731 men.

230 2842 236 2848 ,
334 2792 492 2839 Αῑον.
525 2767 777 2837 Omnia
803 2766 986 2835 istaec
1008 2768 1254 2835 scimus
1280 2766 1419 2858 jam
1447 2792 1599 2850 noS‚
1622 2767 1677 2834 si
1714 2767 1785 2834 hi
1816 2782 2221 2861 spectatores
2254 2774 2488 2843 sciant..

333 2882 614 2949 Horunc
646 2878 794 2945 heic
830 2902 1011 2945 nunc
1045 2901 1242 2945 causa
1277 2874 1419 2945 haec
1457 2876 1681 2970 agitur
1708 2891 2160 2969 spectatorum
2193 2878 2455 2953 fabula:

415 3051 510 3107 35.
571 3052 830 3123 Quidqeaeid
888 3062 962 3103 est
1017 3051 1364 3120 pauxillulum.
1540 3057 1629 3113 4ο.
1668 3051 1885 3121 Operam
1916 3053 2134 3108 celocem.
2176 3053 2385 3111 Allusio
2416 3058 2485 3111 ad

336 3132 623 3203 Quidquid
650 3133 808 3184 nobis
833 3144 938 3195 est,
953 3129 1010 3182 id
1031 3149 1192 3183 omne
1215 3128 1365 3181 domi
1453 3129 1684 3183 celocem
1708 3144 1759 3185 et
1779 3134 2041 3185 corbitam
2065 3154 2079 3199 ;
2112 3152 2339 3204 quarum
2366 3133 2481 3191 haec

337 3226 441 3278 est,
482 3232 586 3265 nec
617 3210 834 3265 aliunde
863 3211 1129 3281 petimus,
1159 3222 1218 3261 ut
1246 3209 1366 3281 qui·
1454 3208 1641 3274 tarda,
1669 3211 1761 3263 illa
1793 3211 1981 3265 celeris
2015 3227 2109 3267 est.
2141 3215 2224 3267 Cf.
2254 3216 2477 3271 Curcul.

337 3290 459 3345 dem
500 3292 695 3345 Lamb.
731 3289 982 3361 explicat.
1015 3288 1122 3341 Sed
1157 3288 1216 3341 id
1255 3308 1367 3341 non
1453 3290 1526 3354 V,
1559 3310 1611 3354 2,
1640 3298 1736 3360 47,
1772 3304 1827 3345 et
1852 3292 2014 3362 Epid.
2033 3294 2104 3358 V,
2130 3310 2179 3358 1,
2210 3312 2297 3347 11.

335 3372 474 3425 satis.
503 3372 684 3425 Etiam
723 3389 879 3424 suum
921 3367 980 3422 id
1021 3388 1132 3421 esse
1160 3382 1366 3437 totum,
1538 3371 1990 3440 41.Adtrepidate.
2020 3372 2345 3439 Scriverius,
2364 3377 2480 3429 Ad-

335 3451 484 3523 quod
511 3452 747 3504 habeant
771 3449 1093 3520 quantillum
1115 3450 1365 3514 habeant,
1454 3452 1671 3518 rapitate.
1701 3450 1900 3503 Senum
1924 3464 2014 3505 'est
2036 3452 2365 3522 attrepidare
2382 3494 2397 3519 ‚
2419 3475 2484 3508 ac

336 3531 625 3585 affirmant.
709 3532 1068 3599 Interpunges
1135 3529 1298 3599 igitur
1349 3547 1364 3580 :
1456 3528 1613 3581 senili
1660 3529 1831 3600 gradu
1860 3550 2251 3603 approperare.
2298 3535 2485 3589 Aulul'.

342 3634 363 3659 ι
380 3608 670 3680 Quidquid
701 3621 781 3663 est
813 3609 1173 3680 pauxillulum
1209 3609 1368 3673 illuc,
1456 3621 1559 3661 act.
1582 3610 1671 3673 ΙΙ,
1698 3609 1751 3663 3.
1775 3610 1961 3663 Gnon.

334 3704 584 3744 nostrum
616 3688 752 3741 illud
771 3714 818 3742 ιι.
845 3689 1086 3741 Aenum.
1542 3694 1635 3751 44.
1664 3690 1783 3741 Rem
1930 3690 2087 3761 quod,
2126 3690 2165 3743 i.
2190 3710 2241 3745 e.
2265 3712 2379 3747 rem
2406 3696 2481 3747 ob

419 3773 513 3824 36.
530 3770 704 3842 Neque
729 3789 816 3821 nos
833 3808 848 3833 ‚
871 3781 974 3821 etc.
1000 3768 1191 3839 Neque
1211 3787 1370 3838 egen»
1457 3786 1638 3839 quam.
1652 3770 1906 3839 Enallage
1935 3769 1989 3821 in
2013 3786 2206 3839 genere
2225 3791 2484 3845 perquam

336 3861 412 3902 tes
439 3868 602 3919 opem
629 3849 859 3901 alienam
885 3866 1135 3919 rogamus
1153 3888 1168 3913 ,
1195 3867 1371 3921 neque
1458 3848 1767 3913 familiaris,
1818 3865 1971 3919 aeque
2020 3868 2079 3901 ac
2126 3850 2183 3906 in
2234 3872 2481 3915 numero.

340 3930 630 4001 quisquam
688 3928 936 3981 debitum
987 3946 1021 3981 a
1068 3928 1224 3981 nobis
1285 3948 1371 3981 re·
1461 3927 1673 3998 Captiv.
1708 3954 1731 3975 ι
1754 3946 1819 3979 ex
1840 3932 2039 3979 miseriis
2062 3949 2146 3983 me
2168 3948 2482 3991 exemerunt

337 4010 526 4079 poscit.
554 4010 628 4061 N.
1463 4027 1641 4078 ...quoe
1669 4008 2025 4061 sustentabam
2046 4034 2093 4063 ι.
2128 4012 2404 4077 Οαεὶιι.,ΙΙ,
2432 4013 2488 4076 5,

417 4089 511 4159 37.
544 4089 795 4159 Ruptums
822 4089 1039 4142 ramices}
1079 4087 1370 4152 Cf.,1l1erc.
1398 4094 1413 4107 '
1464 4086 1496 4137 3
1533 4108 1547 4137 :
1586 4112 1609 4133 ι
1630 4086 1783 4139 istam
1816 4106 2034 4158 operam
2074 4090 2309 4161 inpetres
2334 4092 2500 4161 quod

336 4166 390 4229 1,
427 4188 482 4235 2,
516 4187 612 4237 ²7·
1465 4185 1494 4219 a
1529 4183 1617 4217 me
1644 4166 1885 4235 postulas
1906 4192 1956 4221 a.
1978 4168 2053 4224 N.
