3067 5017
948 466 1290 539 ACTUS
1341 470 1426 554 V,
1480 470 1819 545 SCENA
1869 470 2044 543 vll.

2409 444 2552 567 3555

976 679 1390 775 SCENA
1472 682 1533 774 S
1558 680 1830 773 EXT
1849 684 1952 773 A.

1324 901 1642 977 EIDEM.

401 1103 559 1150 SAG,
589 1098 661 1153 (aa
688 1098 937 1153 elbidum.)
962 1083 1143 1147 Tene
1180 1092 1255 1146 tu
1297 1078 1452 1165 hoc,
1486 1077 1716 1149 educe.
1749 1078 2026 1149 Dudum
2070 1082 2250 1151 haud
2291 1082 2546 1177 placuit

689 1186 876 1281 potio
897 1212 917 1275 ;

344 1320 353 1325 ·
397 1299 603 1369 Nunc
640 1297 868 1367 minus
904 1310 1185 1391 gravate
1207 1297 1349 1391 jam
1386 1296 1662 1391 adcipit.
1705 1298 1887 1367 Tene
1917 1312 1994 1367 tu
2026 1324 2043 1366 ε
2083 1298 2386 1388 interim,

398 1411 598 1478 Meus
632 1403 907 1493 oculuS,
944 1406 1029 1475 da
1064 1406 1231 1473 mihi
1270 1407 1616 1503 suavium,
1655 1407 1818 1489 dum
1850 1406 1990 1487 illic
2021 1409 2213 1489 bibit.

398 1516 759 1592 Prostibile
780 1516 861 1589 'st
896 1528 1120 1588 autem
1160 1529 1448 1587 stantem
1496 1518 1700 1587 stanti
1742 1518 2001 1589 savium

398 1629 583 1726 Dare
615 1628 909 1695 amicum
943 1627 1173 1695 amicae
1204 1650 1221 1695 t
1257 1649 1426 1731 euge
1458 1652 1663 1727 euge,
1699 1628 1794 1697 sic
1835 1627 1968 1697 furi
2012 1625 2248 1705 datur!
2517 1650 2544 1687 τ»

398 1735 589 1826 Quid
623 1735 873 1831 igitur?
912 1760 1323 1839 quamquam
1354 1750 1708 1831 gravatus,
1741 1762 1880 1815 non
1917 1739 2151 1819 nocuit
2187 1753 2434 1819 tamen.

396 1850 541 1940 Age
566 1846 707 1940 jam
745 1846 906 1915 infla
939 1840 1208 1917 buecas.
1244 1868 1471 1918 sucu.
1500 1848 1703 1923 Nune
1725 1847 1867 1941 jam
1893 1846 2151 1943 aliquid
2181 1848 2491 1920 suaviter.

398 1956 631 2026 Redde
658 1957 1039 2027 cantionem
1070 1957 1281 2025 veteri
1325 1980 1450 2061 pro
1492 1954 1652 2026 vino
1692 1977 1959 2035 novam.

891 2182 1331 2291 SCENA
1396 2130 2040 2283 SEPTIMA.

1324 2414 1644 2483 EIDEM.

397 2628 553 2681 sse.
576 2604 715 2704 Qui
733 2607 1005 2687 Ionicus
1028 2618 1147 2681 aut
1164 2602 1547 2693 amandinus,
1569 2602 1686 2697 qui
1708 2601 1838 2675 hoc
1858 2598 1988 2679 tale
2005 2600 2222 2681 facere.
2245 2606 2541 2697 possiet?

478 2784 533 2841 4.
569 2776 846 2831 Prostibile.
884 2776 1121 2828 Meretrix
1136 2816 1153 2839 ,
1204 2793 1323 2847 quae
1368 2788 1423 2839 et

397 2860 719 2929 quaestuaria,
767 2856 1017 2926 πρακτικὴ
1035 2893 1049 2915 ,
1099 2855 1421 2909 honestioris

398 2936 505 2989 loci
526 2950 662 3003 erat,
688 2954 849 3008 quam
859 2936 1180 3007 prostibulum
1194 2954 1217 2998 ,·
1252 2953 1420 3005 quum

398 3016 490 3069 illa
512 3029 719 3072 tantum
744 3027 903 3069 noete
943 3012 1095 3079 (hinc
1118 3026 1279 3066 noctes
1301 3033 1422 3085 pas·

395 3096 530 3162 sim,
554 3115 655 3167 pro
679 3095 978 3148 concubitu
1009 3107 1063 3148 et
1093 3097 1237 3148 furto
1267 3112 1424 3147 vene-

398 3165 515 3245 reo)
545 3176 629 3229 sui
658 3175 867 3245 copiam
897 3174 1124 3229 faceret:
1150 3175 1261 3227 hoe
1292 3192 1420 3227 vero

400 3254 557 3307 etiam
580 3253 669 3308 die
690 3273 745 3307 se
774 3254 987 3325 publice
1014 3266 1069 3308 et
1090 3254 1269 3308 ubivis
1294 3272 1421 3327 pro-

397 3334 661 3387 stituebat.
684 3334 930 3387 Fnom-o.

484 3411 537 3467 5.
570 3412 697 3465 Furi
721 3414 883 3473 datur,
910 3411 1059 3485 quod
1092 3410 1251 3467 datur
1282 3412 1419 3466 clam

399 3504 454 3543 et
479 3511 723 3562 propere.
755 3492 935 3547 Gnu'r.

486 3590 536 3623 1.
582 3573 685 3640 Qui
733 3574 925 3625 lonicus
982 3584 1084 3624 aut.
1138 3571 1420 3641 Specimen

366 3643 373 3652 ’
398 3650 654 3717 saltandi,
681 3650 812 3704 dum
838 3652 953 3705 haee
970 3662 1224 3714 mnes-et,
1260 3651 1421 3720 Saga-

398 3729 553 3784 rinus
591 3731 705 3803 ipse
730 3730 1028 3801 praebebat.
1070 3730 1173 3782 Hic
1206 3729 1423 3781 cinoedici

400 3828 594 3863 nomen
612 3829 723 3863 non
746 3829 856 3863 esse
872 3809 1082 3863 infamis
1098 3806 1421 3879 nefandique

399 3888 622 3958 probri,
661 3908 690 3943 a
728 3890 908 3942 Nonio
951 3902 1027 3943 est
1071 3900 1418 3954 annotatum;

399 3965 495 4020 sed
520 3968 577 4020 in
610 3969 856 4023 saltatore
886 3968 1016 4039 poni
1044 3986 1057 4019 ε
1101 3980 1164 4020 ut
1204 3981 1257 4021 et
1296 3986 1421 4019 mox

408 4072 431 4094 ι
448 4046 681 4101 cinaedus
730 4060 917 4102 contra
974 4048 1236 4100 Staticulis
1284 4059 1421 4099 stare

402 4126 557 4179 nobis
592 4146 707 4179 nou
744 4128 909 4199 magis
944 4127 1087 4198 potis
1124 4141 1233 4191 est,
1264 4144 1421 4195 quam

404 4207 595 4277 fungus
619 4207 779 4261 imbri
796 4232 818 4254 ι»
852 4228 863 4258 :
896 4218 1070 4261 tamen
1098 4219 1151 4261 et
1176 4223 1421 4261 enervem

1506 2777 1848 2846 fractumque
1869 2786 1924 2839 et
1943 2776 2089 2832 velut
2105 2794 2348 2837 exossem
2374 2780 2536 2851 tripu.

1467 2862 1471 2867 '
1507 2854 1796 2920 ditatorem,
1833 2873 1898 2907 eo
1914 2856 2137 2910 nomine
2157 2855 2386 2927 intelligi
2419 2878 2535 2913 cre—

1508 2934 1779 2989 diderim=
1814 2953 1983 3009 quum-
2018 2935 2076 2988 in
2117 2933 2303 2989 Aulul.
2332 2938 2448 3001 ΙΙΙ,
2497 2962 2524 2993 2

1506 3015 1807 3069 scribatur:
1838 3016 1957 3067 «Ita
1992 3014 2218 3068 fustibus
2248 3035 2366 3069 sum
2393 3019 2526 3070 mol-

1504 3094 1611 3147 lior
1631 3094 1793 3147 miser
1813 3092 2006 3163 magis,
2029 3113 2187 3167 quam
2211 3095 2352 3149 ullus
2373 3098 2533 3149 cinae-

1506 3173 1608 3226 dus
1632 3199 1676 3225 ι.
1718 3174 1936 3225 Ionicum
1987 3191 2204 3244 quoque
2245 3176 2525 3228 saltatorem

1506 3254 1617 3307 fere
1660 3252 1991 3306 molliculum
2036 3265 2090 3305 et
2127 3253 2526 3321 effeminatum,

1505 3330 1888 3403 delicatiusque
1911 3351 1966 3384 se
1998 3345 2330 3398 moventem,
2368 3335 2532 3388 inter-

1504 3424 1712 3485 preter:
1744 3425 1803 3465 ut
1823 3410 1966 3482 apud
1987 3412 2173 3464 Horat.
2198 3412 2306 3467 Od.
2323 3415 2427 3479 111,
2453 3418 2484 3468 6
2507 3436 2520 3467 :

1512 3519 1534 3541 ι
1560 3491 1740 3544 Motus
1762 3488 1944 3543 doceri
1966 3490 2164 3561 gaudet
2180 3492 2392 3546 Ionicos
2409 3495 2526 3547 Ma-

1506 3584 1624 3625 tura
1668 3570 1910 3644 virgo-3
1953 3583 2099 3634 tum,
2150 3570 2295 3642 quod
2337 3574 2528 3625 Ionum

1507 3668 1681 3703 mores
1723 3662 1774 3701 et
1813 3650 2119 3703 saltationes
2149 3652 2530 3720 petulantiores

1504 3741 1686 3793 erant;
1719 3742 1832 3782 tum
1849 3766 1866 3793 ‚
1886 3728 2033 3801 quod
2057 3720 2125 3796 (si
2163 3728 2222 3782 id
2249 3748 2279 3783 e
2311 3734 2530 3802 propin·

1506 3828 1612 3881 qua
1650 3808 1818 3879 repeti
1863 3808 2035 3860 insula
2079 3808 2284 3877 placet,
2323 3830 2424 3864 nec
2471 3813 2525 3864 in

1505 3888 1684 3941 Asiam
1708 3876 1968 3956 navigari)
2001 3887 2166 3940 Siculi
2201 3889 2532 3945 saltationem

1509 3966 1824 4038 quamdam,
1873 3979 1932 4029 ut
1980 3984 2131 4033 reor,
2186 3968 2434 4021 blandam
2480 3986 2532 4023 et

1509 4046 1862 4115 voluptariam
1885 4045 1942 4096 in
1963 4046 2223 4099 honorem
2249 4049 2432 4102 Dianae
2457 4070 2537 4104 ce·

1507 4125 1786 4178 lebrabunt
1798 4163 1814 4191 ,
1841 4124 2054 4177 lonicum
2076 4139 2334 4181 vocatam.
2350 4130 2536 4183 Pollux

1511 4205 1788 4260 Onomast-
1821 4205 1914 4259 lib.
1941 4206 2044 4273 IV,
2077 4225 2191 4279 cap.
2233 4215 2298 4272 14
2330 4228 2342 4261 :
2386 4212 2441 4263 τὸ
2475 4206 2533 4260 δὲ
