3067 5017
867 470 1203 540 ACTUS
1253 471 1388 556 IV,
1431 472 1759 541 SCENA
1804 471 1910 540 ΙΙ.
2311 468 2444 542 581

304 591 760 664 Exhaeredasti
801 617 962 682 noS,
1009 594 1364 664 thesaure:
1404 618 1709 689 quonam
1754 593 2033 664 redituri
2080 617 2311 664 sumus
2352 610 2457 665 tot

303 701 642 772 abdicati?
681 726 832 796 quae
868 727 990 772 nos
1025 701 1178 772 aula
1225 704 1747 798 recipiet?·quae
1788 729 1913 774 nos
1948 702 2079 774 olla
2113 705 2455 775 tuebitur?

302 834 584 882 Manna.
626 812 926 899 Accede,
969 814 1222 899 amice,
1263 813 1484 883 aulam
1523 814 1769 884 iterum
1806 829 2011 907 atque
2056 815 2307 884 iterum
2346 815 2452 884 vi—

301 922 453 990 sita.
494 946 640 992 stc.
681 922 899 993 Aliam
933 948 1118 1018 spem
1145 948 1480 1016 quaerere,
1516 925 1763 1009 amice,
1792 938 2095 1016 poteras3
2134 924 2275 994 haec
2308 924 2452 1017 jam

308 1057 446 1102 non
477 1031 668 1102 calet.
699 1055 984 1104 unum.
1017 1031 1599 1129 Perlege,quaes0‚
1624 1034 1870 1118 iterum
1900 1031 2175 1104 titulum
2199 1034 2454 1104 funeris

315 1157 518 1236 atque
551 1167 824 1212 omnem
871 1143 1220 1237 scripturae
1263 1143 1489 1213 fidem.
1548 1164 1749 1214 saun.
1796 1145 2087 1232 Quaeso,
2138 1143 2452 1237 inquam,

302 1252 496 1324 sod'es
524 1278 544 1323 z
569 1253 772 1330 funus
809 1269 1078 1347 egomet
1112 1252 1462 1348 quodlibet
1483 1254 1887 1348 contingere,
1918 1275 2183 1348 nequeo
2221 1278 2237 1322 z
2278 1251 2453 1322 nihil

300 1376 402 1432 est
440 1362 622 1457 quod
660 1377 952 1432 metuam
999 1364 1432 1458 magissrcs
1467 1361 1911 1450 Meticulosus
1944 1361 2161 1434 homo
2206 1387 2276 1432 es
2332 1377 2405 1432 tu
2430 1411 2451 1446 ,

297 1471 800 1566 Sardanapale3
867 1495 994 1567 ego
1041 1471 1374 1568 perlego:
1435 1473 1787 1557 Trierinus
1837 1473 2221 1567 Tricipitini
2274 1472 2452 1564 filius

298 1583 610 1654 conditus
657 1598 725 1654 et
771 1583 1072 1678 sepultus
1120 1584 1236 1655 hic
1265 1586 1486 1682 jacen
1533 1589 1708 1660 Hem
1748 1609 1859 1657 me
1900 1585 2259 1666 miserum,
2296 1583 2457 1654 hem

293 1717 402 1786 me
419 1689 781 1762 miserum!
817 1717 1098 1767 MANDR.
1129 1691 1474 1783 Quidnam
1506 1695 1632 1762 tibi
1673 1695 1827 1764 est?
1862 1717 2065 1766 SARD.
2098 1695 2344 1766 Anima
2377 1695 2450 1766 in

291 1803 622 1893 faucibus.
677 1802 1046 1872 Audieram
1079 1819 1364 1898 ‘egomet
1415 1803 1597 1874 olere
1651 1829 1891 1884 aurum
1943 1831 1961 1874 z
2017 1805 2195 1874 istud
2238 1805 2442 1894 etiam

295 1911 573 1984 redolet.
627 1937 902 1992 umna-
944 1913 1352 2002 Quomodo?
1389 1939 1539 1986 sm.
1586 1912 1973 1986 Claustrum
2014 1913 2183 1985 illud
2225 1913 2448 2010 plum-

294 2025 496 2094 beum
531 2022 738 2092 densa
775 2048 894 2116 per
931 2021 1276 2097 foramina
1334 2024 1508 2094 diris·
1545 2025 1793 2120 flagrat
1842 2024 2190 2102 odoribus.
2249 2026 2443 2116 Nun-‚2

295 2149 502 2226 qua'm
537 2134 820 2210 antehac
855 2133 1155 2226 comperi
1176 2185 1224 2218 ,,
1252 2159 1491 2204 aurum
1544 2137 1642 2202 sic
1688 2136 2101 2218 ranciscere:
2136 2133 2447 2228 usurario

294 2243 569 2312 cuilibet
609 2243 841 2312 foetere
885 2242 1014 2324 hoc
1058 2257 1296 2336 potest.
1341 2267 1595 2328 nam),
1631 2245 1961 2334 Quisnam
2004 2246 2304 2314 cinerum
2350 2259 2451 2317 est

293 2351 464 2427 odor
485 2351 696 2425 ἕζετο.
723 2351 842 2423 llle
875 2353 1204 2446 pretiosus
1237 2367 1438 2446 atque
1466 2353 1677 2423 tristis
1696 2345 1919 2438 cultus
1940 2407 1963 2440 ,
1988 2379 2191 2448 quem
2218 2355 2445 2448 poscit

291 2461 511 2538 miser.
545 2486 698 2535 MAN
711 2487 825 2532 nn.
846 2462 1232 2532 Honorifice
1265 2463 1399 2539 hoe
1431 2463 1707 2532 bustum
1742 2477 2107 2532 tractatum
2133 2480 2441 2558 apparet,

295 2568 487 2660 cujus
519 2570 742 2641 adhuc
771 2570 868 2640 sic
898 2569 1151 2654 redolet
1185 2570 1498 2666 digniftas.
1531 2595 1679 2642 SYc.
1715 2575 1863 2666 Ego
1900 2572 2081 2659 istaec
2104 2597 2253 2646 non
2289 2599 2443 2692 per-

294 2673 634 2766 tulissem,
677 2681 738 2750 si
789 2681 1116 2759 recinenti
1168 2705 1248 2752 ac
1295 2684 1596 2766 monenti
1640 2683 2093 2754 credidissem.
2124 2668 2435 2779 graculae.

293 2812 496 2859 sam).
525 2790 722 2885 Ego
704 2815 776 2860 m
809 2790 1088 2884 laqueos
1107 2817 1246 2861 non
1271 2791 1697 2882 incidissem,
1726 2794 1779 2862 si
1808 2793 2063 2865 monita
2089 2793 2264 2862 curti
2302 2819 2440 2864 ser-

291 2923 548 2968 vassem
590 2901 791 2970 canis,
852 2925 1135 2971 MANDR.
1203 2905 1291 2970 Et
1326 2902 1617 2996 qualiter
1671 2919 1736 2972 te
1777 2903 2182 2975 admonuit?
2234 2928 2448 2976 ΒΑΜ)ι

293 3008 687 3104 Egredienti
730 3011 903 3082 mihi
941 3012 1029 3082 ad
1081 3013 1510 3112 angiportum
1555 3039 1744 3084 suras
1798 3039 2033 3084 omnes
2092 3013 2455 3091 conscidit&

293 3143 580 3190 numm.
632 3121 914 3189 Utinam
962 3121 1083 3191 tibi
1136 3124 1514 3215 crura'ipsa
1556 3137 1966 3210 enervasset,
2016 3147 2101 3190 ne
2138 3147 2445 3216 unquamc

292 3229 449 3298 inde
490 3233 806 3301 movisses
849 3231 1108 3326 pedem.
1160 3237 1223 3304 Ο
1267 3230 1503 3301 Euclio
1540 3229 1837 3324 funeste!
1876 3257 2203 3328 parumne
2241 3233 2431 3302 vivus

293 3337 603 3409 illusisti?
637 3366 722 3410 ne
757 3339 1110 3412 defunctus
1139 3333 1619 3411 desineresPEt
1652 3342 1815 3436 quid
1852 3366 1978 3435 ego
2013 3368 2153 3416 non
2180 3344 2433 3430 merui,

292 3449 407 3551 qui
457 3449 758 3572 agelasto·
788 3448 884 3519 illi
930 3466 996 3519 et
1037 3451 1295 3548 perfido
1341 3453 1544 3522 fidem
1595 3451 2149 3528 accommodavi?
2192 3468 2258 3525 et
2295 3452 2431 3522 for-

293 3573 488 3626 tunas
524 3583 704 3628 meas
743 3559 812 3628 in
852 3559 996 3656 ipso
1034 3561 1182 3630 risit
1210 3561 1440 3630 exitu?
1469 3587 1617 3632 SYc.
1642 3562 1857 3658 Heia,
1873 3561 2053 3655 quid
2069 3587 2250 3632 nunc
2282 3562 2445 3637 facia
2468 3645 2480 3654 δ

290 3667 491 3737 mus?
516 3693 802 3742 MANDR
833 3669 1016 3758 Quid
1045 3659 1266 3740 autem
1306 3651 1678 3776 nisi,qi10d
1716 3671 1969 3746 dudum
2008 3671 2330 3760 diximuS,
2358 3690 2431 3742 ut

291 3804 414 3846 nos
447 3777 678 3851 saltem
719 3780 800 3853 de
829 3779 974 3878 filio
1009 3781 1151 3873 ejus
1179 3779 1480 3870 Querolo
1518 3765 1919 3851 ulciscamur
1958 3781 2202 3874 probe?
2228 3795 2431 3875 atque

292 3885 484 3984 illum
542 3891 864 3984 quoniam
914 3905 1015 3964 est
1077 3889 1442 3977 credulus,
1481 3890 1781 3960 mirificis
1825 3887 2128 3964 [udemus
2168 3889 2430 3958 modis:

291 3997 514 4100 aulam
555 3997 652 4067 illi
701 4025 822 4096 per
858 3998 1224 4089 fenestram
1271 4000 1725 4100 propellamus
1775 3997 2151 4083 clanculum
2182 4055 2201 4088 ,
2258 4015 2333 4070 ut
2372 4015 2438 4070 et

293 4109 434 4202 ipse
481 4105 722 4206 'lugere
779 4108 1096 4202 incipiat,
1159 4135 1356 4206 quem
1424 4137 1546 4182 nos
1580 4109 1978 4208 jamdudum
2031 4108 2433 4206 plangimus.

291 4217 714 4291 Pedeteutim'
750 4217 988 4299 accede
1028 4235 1231 4317 atque
1261 4219 1600 4306 ausculta,
1627 4217 1964 4312 Querolus
2006 4207 2168 4312 quid
2208 4243 2429 4290 rerum
