3067 5017
884 389 1223 459 ACTUS
1270 388 1429 469 ΙΙΙ,
1480 388 1821 457 SCENA
1869 390 1969 457 11.

2349 392 2483 486 Ὧι

348 512 554 581 Oveis
590 512 661 579 in
696 511 1003 579 crumina
1044 509 1171 578 hac
1207 511 1275 577 in
1320 509 1556 579 urbem
1595 509 1822 580 detuli.
1956 574 1959 579 ,
2443 550 2492 577 ω

344 622 541 708 Fuit,
578 620 853 715 edepol,
886 624 1070 689 Mars
1107 646 1256 690 meo
1302 621 1632 713 periratus
1671 620 1884 713 patri3

341 734 523 801 Nam
569 732 749 799 oveis
788 729 963 797 illius
1008 730 1189 798 haud
1237 728 1435 823 longe
1476 730 1721 798 absunt
1755 755 1796 797 a
1836 728 2035 823 lupis.

341 842 549 910 Nunc
586 866 711 935 ego
748 842 909 909 istos
942 840 1302 911 mundulos
1338 841 1633 909 urbanos
1677 840 1960 909 amasios

339 957 492 1021 Hoc
530 953 666 1020 ictu
710 973 1039 1045 exponam
1062 1006 1081 1038 ‚
1118 966 1320 1045 atque
1356 955 1612 1021 omneis
1649 951 1906 1045 ejiciam
1956 951 2156 1021 foras,
2305 1044 2308 1048 ἵ

338 1062 796 1131 Eradicare’st
832 1076 1088 1131 certum
1128 1062 1519 1155 cumprimis
1560 1072 1856 1155 patrem,
2439 1086 2484 1125 ,ε

336 1176 506 1240 Post
542 1172 610 1238 id
650 1172 947 1239 locorum
990 1186 1273 1239 matrem
1308 1198 1323 1239 :
1371 1196 1554 1239 nunc
1595 1170 1795 1238 hodie
1831 1168 2117 1239 ecferam

333 1280 449 1349 Ad
477 1282 650 1351 hanc
672 1297 1026 1375 argentum
1043 1336 1061 1368 ‚
1085 1307 1285 1374 quam
1312 1306 1507 1375 mage
1526 1306 1678 1349 amo
1703 1305 1904 1373 quam
1929 1296 2212 1349 matrem
2238 1305 2478 1350 meam.
2525 1356 2531 1363 ,

332 1388 497 1461 Tat!
534 1391 759 1484 ecquis
791 1393 939 1460 est?
976 1390 1159 1459 nulla
1188 1392 1325 1459 est?
1354 1392 1580 1483 ecquis
1620 1394 1837 1484 aperit
1877 1392 2006 1460 hoc
2041 1377 2332 1461 ostium?

331 1526 487 1570 As‘r.
532 1502 713 1590 Quid
754 1503 924 1571 istuc
960 1500 1251 1571 alienum
1274 1502 1381 1596 ’st,
1420 1502 1699 1587 amab0‚
1735 1505 1825 1571 mi
1867 1504 2187 1571 Strabax:

330 1610 483 1699 Qui
526 1637 663 1679 non
701 1612 1036 1707 extemplo
1076 1613 1325 1681 intres?
1365 1638 1538 1681 anne
1573 1615 1877 1707 oportuit

324 1722 436 1788 Ita
470 1735 535 1789 te
570 1720 875 1815 quidem,
908 1724 1025 1815 qui
1058 1748 1126 1791 es
1170 1722 1566 1793 familiaris?
1610 1748 1756 1794 s'rn.
1795 1725 2034 1795 Ibitur.

325 1831 439 1898 Ne
482 1857 589 1899 me
635 1833 885 1901 morari
929 1858 1219 1902 censeas·
1259 1857 1405 1903 As‘r.
1447 1835 1702 1927 Lepide
1737 1834 1919 1903 faciS.

826 2088 1972 2183 SCENASECUNDA.

824 2315 1368 2397 STRATILAX,
1420 2281 2009 2384 AsTApHmM„

312 2549 467 2594 STR.
514 2526 768 2595 Mirum
809 2525 1115 2609 videtur,
1160 2528 1300 2595 ruri
1345 2523 1622 2593 herilem
1664 2523 1876 2593 filiurn

312 2635 698 2704 Strabacem
739 2660 873 2703 non
916 2636 1228 2721 rediisse,
1268 2636 1393 2702 nisi
1436 2635 1488 2701 si
1530 2632 1909 2703 clanculum

310 2746 689 2816 Conlabsus
726 2762 823 2815 est
868 2746 1015 2815 heic
1054 2745 1514 2841 conruptelam
1557 2770 1766 2813 suam.

304 2916 475 2987 igitur
497 2917 654 2985 plane
676 2918 977 2969 oves'minoe:
1004 2935 1177 2987 neque
1202 2918 1344 2968 enim

306 2995 473 3067 pilosi
525 3010 647 3048 sunt
690 2997 913 3067 nummi.
964 2996 1127 3061 Quod
1172 3012 1345 3047 autem

312 3076 555 3145 sequitur
586 3098 599 3127 ε
666 3102 687 3123 ι
714 3076 838 3127 Fuit
859 3116 873 3139 ,
928 3075 1117 3145 edepol
1144 3114 1159 3139 ‚
1202 3077 1345 3127 Mars

308 3173 466 3219 mec,
487 3168 585 3207 etc.
614 3180 637 3201 n
674 3155 800 3207 inde
825 3155 1027 3207 dictum
1060 3170 1169 3219 est,
1197 3154 1342 3225 quod

302 3236 463 3303 lupas
492 3234 649 3286 Marti
678 3254 849 3287 sacras
879 3236 1153 3305 putabant.
1187 3233 1345 3287 Unde

304 3328 363 3367 et
396 3314 555 3383 hujus
583 3314 729 3367 urbis
758 3310 982 3377 (Romae)
1013 3314 1343 3380 conditores,

300 3391 459 3465 quod
480 3412 507 3445 a
536 3394 707 3445 Marte
733 3394 899 3464 geniti
926 3407 1117 3459 essent,
1150 3394 1339 3447 aluisse

300 3472 505 3525 dicitur
532 3474 673 3544 lupa.
704 3476 867 3544 Lupus
893 3474 1049 3527 etiam
1078 3476 1339 3526 vocabant

298 3553 609 3604 meretrices
628 3591 643 3616 ,
682 3570 711 3604 a
762 3554 955 3625 quibus
1010 3572 1119 3605 non
1178 3554 1336 3624 longe

294 3632 485 3685 abesse
534 3632 665 3685 dicit
707 3652 791 3685 eas
834 3652 995 3697 oves,
1046 3652 1176 3705 quas
1222 3634 1336 3703 ipse

296 3724 432 3764 tunc
464 3711 520 3763 iu
554 3731 803 3767 crumena
836 3713 1057 3766 ferebat.
1083 3712 1307 3765 Munrrr.

387 3792 475 3855 13.
526 3794 771 3845 Amasios.
817 3792 921 3845 Hic
969 3782 1151 3845 versus
1195 3786 1330 3844 Dio-

291 3870 443 3923 medi
476 3870 533 3923 in
565 3884 801 3924 mentem
830 3872 965 3933 fuit,
1002 3891 1167 3941 quum
1201 3873 1329 3923 scri-

288 3950 423 4023 psit:
444 3972 465 3994 ε
484 3952 619 4003 Item
650 3952 719 4003 ab
746 3972 855 4002 amo
882 3964 1087 4005 veteres
1111 3952 1329 4004 inchoa-

292 4032 409 4084 tivo
438 4029 603 4083 modo
632 4028 882 4085 dixerunt
913 4051 1134 4096 amasco,
1182 4028 1327 4084 unde
1370 4078 1377 4083 .

1434 2916 1610 2969 Plaut.
1665 2916 1886 2969 Trucul.
1937 2914 2264 2986 jucundulos
2319 2936 2463 2969 ama·
2503 2928 2516 2935 ”

1434 2998 1539 3048 sios
1566 3015 1634 3050 n:
1673 2996 1764 3048 ubi
1808 2996 2058 3047 mundulos
2107 2996 2232 3048 hinc
2277 3016 2459 3050 emen-

1433 3066 1690 3128 dandum.
1725 3078 1930 3129 DouzA.

1523 3162 1610 3216 14.
1635 3156 1748 3205 Hoc
1771 3160 1868 3206 ictu
1884 3174 2136 3223 exponam.
2161 3154 2274 3207 Hac
2296 3174 2461 3225 pecu·

1432 3235 1521 3287 nia
1548 3236 1845 3286 exturbaho
1869 3235 2063 3285 rivales
2094 3252 2258 3286 meos.
2285 3236 2426 3287 Nota
2445 3275 2460 3300 ,

1434 3316 1696 3383 Exponere
1727 3321 1852 3374 ictu,
1889 3332 2018 3384 pro,
2063 3314 2182 3365 loco
2212 3333 2428 3366 movere
2440 3354 2455 3377 ‚

1433 3392 1499 3445 de
1546 3392 1716 3465 gradu
1753 3392 2001 3462 dejicere.
2044 3394 2222 3445 Casin.
2253 3394 2354 3457 IV,
2387 3402 2453 3461 Δίς

1428 3496 1450 3517 α
1470 3475 1628 3525 Paene
1657 3475 1914 3543 exposivit
1942 3474 2125 3526 cubito
2151 3499 2174 3520 n
2217 3494 2228 3523 :
2279 3474 2456 3525 forsan
2513 3475 2516 3479 ⁴

1426 3572 1454 3604 a
1482 3554 1836 3605 luctatoribus
1866 3554 2201 3607 translatum.
2234 3556 2398 3605 Acin.

1513 3650 1602 3700 19.
1639 3633 1774 3683 Istuc
1801 3634 2027 3684 alienum.
2061 3631 2207 3697 Quid
2252 3634 2321 3684 ita
2365 3652 2453 3684 ex-

1423 3726 1658 3783 spectas,
1708 3710 1880 3764 donec
1934 3712 2031 3765 tibi
2079 3712 2234 3763 venia
2282 3712 2450 3764 intro-

1424 3790 1588 3843 eundi
1620 3790 1796 3855 detur,
1826 3793 1974 3863 quasi
1997 3792 2064 3843 sis
2087 3790 2306 3843 alienus.

1506 3892 1533 3923 2
1549 3891 1599 3923 2.
1617 3872 1698 3925 Ne
1726 3892 1798 3925 me
1819 3874 2011 3925 morari.
2026 3870 2170 3923 Vide
2198 3871 2318 3925 Mil.
2346 3872 2449 3937 IV,

1421 3970 1475 4020 7,
1510 3970 1603 4005 10.

1506 4048 1556 4083 ι.
1584 4031 1732 4095 Ruri,
1779 4028 1816 4081 i.
1855 4049 1911 4101 q.
1957 4046 2101 4082 rure.
2130 4062 2210 4070 —
2239 4031 2452 4083 Her-ilem

289 4123 346 4165 et
382 4113 593 4163 amasios
630 4124 895 4164 amatores
932 4110 1183 4164 dicebant
1214 4132 1225 4161 :
1265 4124 1326 4163 ut
1402 4108 1592 4184 filium.
1619 4110 1747 4161 Cist.
1773 4110 1874 4174 IV,
1909 4128 1936 4162 2
1957 4144 1974 4171 ‚
2011 4108 2103 4161 83.
